
<!DOCTYPE html>
<html lang=en>
<body>
<div id=product_description><h3>Countdown<br><br>Airborne Liquid Honey Kids Squeeze bottle 500g<br><br></h3></div>
<div id=graph></div>
<br>
<div id=data></div>
</body>
<script src="https://cdn.plot.ly/plotly-2.24.1.min.js" charset="utf-8"></script>
<script>
let json_data = {"2021-11-19": {"title": "Airborne Liquid Honey Kids", "size": "Squeeze bottle 500g", "approx_single_unit_price": null, "type_size_cup": "Package type Squeeze bottle. Volume size 500g. Cup price $1.60 / 100g.", "sale": null, "saving": null, "price_was": null, "price_was_saving": "Save $1.30", "price": "$8.00", "unit": "each"}, "2021-11-20": {"title": "Airborne Liquid Honey Kids", "size": "Squeeze bottle 500g", "approx_single_unit_price": null, "type_size_cup": "Package type Squeeze bottle. Volume size 500g. Cup price $1.60 / 100g.", "sale": null, "saving": null, "price_was": null, "price_was_saving": "Save $1.30", "price": "$8.00", "unit": "each"}, "2021-11-21": {"title": "Airborne Liquid Honey Kids", "size": "Squeeze bottle 500g", "approx_single_unit_price": null, "type_size_cup": "Package type Squeeze bottle. Volume size 500g. Cup price $1.60 / 100g.", "sale": null, "saving": null, "price_was": null, "price_was_saving": "Save $1.30", "price": "$8.00", "unit": "each"}, "2021-11-22": {"title": "Airborne Liquid Honey Kids", "size": "Squeeze bottle 500g", "approx_single_unit_price": null, "type_size_cup": "Package type Squeeze bottle. Volume size 500g. Cup price $1.86 / 100g.", "sale": null, "saving": null, "price_was": null, "price_was_saving": null, "price": "$9.30", "unit": "each"}, "2021-11-23": {"title": "Airborne Liquid Honey Kids", "size": "Squeeze bottle 500g", "approx_single_unit_price": null, "type_size_cup": "Package type Squeeze bottle. Volume size 500g. Cup price $1.86 / 100g.", "sale": null, "saving": null, "price_was": null, "price_was_saving": null, "price": "$9.30", "unit": "each"}, "2021-11-24": {"title": "Airborne Liquid Honey Kids", "size": "Squeeze bottle 500g", "approx_single_unit_price": null, "type_size_cup": "Package type Squeeze bottle. Volume size 500g. Cup price $1.86 / 100g.", "sale": null, "saving": null, "price_was": null, "price_was_saving": null, "price": "$9.30", "unit": "each"}, "2021-11-25": {"title": "Airborne Liquid Honey Kids", "size": "Squeeze bottle 500g", "approx_single_unit_price": null, "type_size_cup": "Package type Squeeze bottle. Volume size 500g. Cup price $1.86 / 100g.", "sale": null, "saving": null, "price_was": null, "price_was_saving": null, "price": "$9.30", "unit": "each"}, "2021-11-26": {"title": "Airborne Liquid Honey Kids", "size": "Squeeze bottle 500g", "approx_single_unit_price": null, "type_size_cup": "Package type Squeeze bottle. Volume size 500g. Cup price $1.86 / 100g.", "sale": null, "saving": null, "price_was": null, "price_was_saving": null, "price": "$9.30", "unit": "each"}, "2021-11-27": {"title": "Airborne Liquid Honey Kids", "size": "Squeeze bottle 500g", "approx_single_unit_price": null, "type_size_cup": "Package type Squeeze bottle. Volume size 500g. Cup price $1.86 / 100g.", "sale": null, "saving": null, "price_was": null, "price_was_saving": null, "price": "$9.30", "unit": "each"}, "2021-11-28": {"title": "Airborne Liquid Honey Kids", "size": "Squeeze bottle 500g", "approx_single_unit_price": null, "type_size_cup": "Package type Squeeze bottle. Volume size 500g. Cup price $1.86 / 100g.", "sale": null, "saving": null, "price_was": null, "price_was_saving": null, "price": "$9.30", "unit": "each"}, "2021-11-29": {"title": "Airborne Liquid Honey Kids", "size": "Squeeze bottle 500g", "approx_single_unit_price": null, "type_size_cup": "Package type Squeeze bottle. Volume size 500g. Cup price $1.86 / 100g.", "sale": null, "saving": null, "price_was": null, "price_was_saving": null, "price": "$9.30", "unit": "each"}, "2021-12-14": {"title": "Airborne Liquid Honey Kids", "size": "Squeeze bottle 500g", "approx_single_unit_price": null, "type_size_cup": "Package type Squeeze bottle. Volume size 500g. Cup price $1.60 / 100g.", "sale": "Club Price.", "saving": null, "price_was": null, "price_was_saving": "Save $1.30", "price": "$8.00", "unit": "each"}, "2021-12-15": {"title": "Airborne Liquid Honey Kids", "size": "Squeeze bottle 500g", "approx_single_unit_price": null, "type_size_cup": "Package type Squeeze bottle. Volume size 500g. Cup price $1.60 / 100g.", "sale": "Club Price.", "saving": null, "price_was": null, "price_was_saving": "Save $1.30", "price": "$8.00", "unit": "each"}, "2021-12-16": {"title": "Airborne Liquid Honey Kids", "size": "Squeeze bottle 500g", "approx_single_unit_price": null, "type_size_cup": "Package type Squeeze bottle. Volume size 500g. Cup price $1.60 / 100g.", "sale": "Club Price.", "saving": null, "price_was": null, "price_was_saving": "Save $1.30", "price": "$8.00", "unit": "each"}, "2021-12-17": {"title": "Airborne Liquid Honey Kids", "size": "Squeeze bottle 500g", "approx_single_unit_price": null, "type_size_cup": "Package type Squeeze bottle. Volume size 500g. Cup price $1.60 / 100g.", "sale": "Club Price.", "saving": null, "price_was": null, "price_was_saving": "Save $1.30", "price": "$8.00", "unit": "each"}, "2021-12-18": {"title": "Airborne Liquid Honey Kids", "size": "Squeeze bottle 500g", "approx_single_unit_price": null, "type_size_cup": "Package type Squeeze bottle. Volume size 500g. Cup price $1.60 / 100g.", "sale": "Club Price.", "saving": null, "price_was": null, "price_was_saving": "Save $1.30", "price": "$8.00", "unit": "each"}, "2021-12-19": {"title": "Airborne Liquid Honey Kids", "size": "Squeeze bottle 500g", "approx_single_unit_price": null, "type_size_cup": "Package type Squeeze bottle. Volume size 500g. Cup price $1.60 / 100g.", "sale": "Club Price.", "saving": null, "price_was": null, "price_was_saving": "Save $1.30", "price": "$8.00", "unit": "each"}, "2021-12-20": {"title": "Airborne Liquid Honey Kids", "size": "Squeeze bottle 500g", "approx_single_unit_price": null, "type_size_cup": "Package type Squeeze bottle. Volume size 500g. Cup price $1.86 / 100g.", "sale": null, "saving": null, "price_was": null, "price_was_saving": null, "price": "$9.30", "unit": "each"}, "2021-12-21": {"title": "Airborne Liquid Honey Kids", "size": "Squeeze bottle 500g", "approx_single_unit_price": null, "type_size_cup": "Package type Squeeze bottle. Volume size 500g. Cup price $1.86 / 100g.", "sale": null, "saving": null, "price_was": null, "price_was_saving": null, "price": "$9.30", "unit": "each"}, "2021-12-22": {"title": "Airborne Liquid Honey Kids", "size": "Squeeze bottle 500g", "approx_single_unit_price": null, "type_size_cup": "Package type Squeeze bottle. Volume size 500g. Cup price $1.86 / 100g.", "sale": null, "saving": null, "price_was": null, "price_was_saving": null, "price": "$9.30", "unit": "each"}, "2021-12-23": {"title": "Airborne Liquid Honey Kids", "size": "Squeeze bottle 500g", "approx_single_unit_price": null, "type_size_cup": "Package type Squeeze bottle. Volume size 500g. Cup price $1.86 / 100g.", "sale": null, "saving": null, "price_was": null, "price_was_saving": null, "price": "$9.30", "unit": "each"}, "2021-12-24": {"title": "Airborne Liquid Honey Kids", "size": "Squeeze bottle 500g", "approx_single_unit_price": null, "type_size_cup": "Package type Squeeze bottle. Volume size 500g. Cup price $1.86 / 100g.", "sale": null, "saving": null, "price_was": null, "price_was_saving": null, "price": "$9.30", "unit": "each"}, "2021-12-25": {"title": "Airborne Liquid Honey Kids", "size": "Squeeze bottle 500g", "approx_single_unit_price": null, "type_size_cup": "Package type Squeeze bottle. Volume size 500g. Cup price $1.86 / 100g.", "sale": null, "saving": null, "price_was": null, "price_was_saving": null, "price": "$9.30", "unit": "each"}, "2021-12-26": {"title": "Airborne Liquid Honey Kids", "size": "Squeeze bottle 500g", "approx_single_unit_price": null, "type_size_cup": "Package type Squeeze bottle. Volume size 500g. Cup price $1.86 / 100g.", "sale": null, "saving": null, "price_was": null, "price_was_saving": null, "price": "$9.30", "unit": "each"}, "2021-12-27": {"title": "Airborne Liquid Honey Kids", "size": "Squeeze bottle 500g", "approx_single_unit_price": null, "type_size_cup": "Package type Squeeze bottle. Volume size 500g. Cup price $1.86 / 100g.", "sale": null, "saving": null, "price_was": null, "price_was_saving": null, "price": "$9.30", "unit": "each"}, "2022-01-07": {"title": "Airborne Liquid Honey Kids", "size": "Squeeze bottle 500g", "approx_single_unit_price": null, "type_size_cup": "Package type Squeeze bottle. Volume size 500g. Cup price $1.60 / 100g.", "sale": "Club Price.", "saving": null, "price_was": null, "price_was_saving": "Save $1.30", "price": "$8.00", "unit": "each"}, "2022-01-08": {"title": "Airborne Liquid Honey Kids", "size": "Squeeze bottle 500g", "approx_single_unit_price": null, "type_size_cup": "Package type Squeeze bottle. Volume size 500g. Cup price $1.60 / 100g.", "sale": "Club Price.", "saving": null, "price_was": null, "price_was_saving": "Save $1.30", "price": "$8.00", "unit": "each"}, "2022-01-09": {"title": "Airborne Liquid Honey Kids", "size": "Squeeze bottle 500g", "approx_single_unit_price": null, "type_size_cup": "Package type Squeeze bottle. Volume size 500g. Cup price $1.60 / 100g.", "sale": "Club Price.", "saving": null, "price_was": null, "price_was_saving": "Save $1.30", "price": "$8.00", "unit": "each"}, "2022-01-10": {"title": "Airborne Liquid Honey Kids", "size": "Squeeze bottle 500g", "approx_single_unit_price": null, "type_size_cup": "Package type Squeeze bottle. Volume size 500g. Cup price $1.60 / 100g.", "sale": "Club Price.", "saving": null, "price_was": null, "price_was_saving": "Save $1.30", "price": "$8.00", "unit": "each"}, "2022-01-11": {"title": "Airborne Liquid Honey Kids", "size": "Squeeze bottle 500g", "approx_single_unit_price": null, "type_size_cup": "Package type Squeeze bottle. Volume size 500g. Cup price $1.60 / 100g.", "sale": "Club Price.", "saving": null, "price_was": null, "price_was_saving": "Save $1.30", "price": "$8.00", "unit": "each"}, "2022-01-12": {"title": "Airborne Liquid Honey Kids", "size": "Squeeze bottle 500g", "approx_single_unit_price": null, "type_size_cup": "Package type Squeeze bottle. Volume size 500g. Cup price $1.60 / 100g.", "sale": "Club Price.", "saving": null, "price_was": null, "price_was_saving": "Save $1.30", "price": "$8.00", "unit": "each"}, "2022-01-13": {"title": "Airborne Liquid Honey Kids", "size": "Squeeze bottle 500g", "approx_single_unit_price": null, "type_size_cup": "Package type Squeeze bottle. Volume size 500g. Cup price $1.60 / 100g.", "sale": "Club Price.", "saving": null, "price_was": null, "price_was_saving": "Save $1.30", "price": "$8.00", "unit": "each"}, "2022-02-04": {"title": "Airborne Liquid Honey Kids", "size": "Squeeze bottle 500g", "approx_single_unit_price": null, "type_size_cup": "Package type Squeeze bottle. Volume size 500g. Cup price $1.40 / 100g.", "sale": "Club Price.", "saving": null, "price_was": null, "price_was_saving": "Save $2.30", "price": "$7.00", "unit": "each"}, "2022-02-05": {"title": "Airborne Liquid Honey Kids", "size": "Squeeze bottle 500g", "approx_single_unit_price": null, "type_size_cup": "Package type Squeeze bottle. Volume size 500g. Cup price $1.40 / 100g.", "sale": "Club Price.", "saving": null, "price_was": null, "price_was_saving": "Save $2.30", "price": "$7.00", "unit": "each"}, "2022-02-06": {"title": "Airborne Liquid Honey Kids", "size": "Squeeze bottle 500g", "approx_single_unit_price": null, "type_size_cup": "Package type Squeeze bottle. Volume size 500g. Cup price $1.40 / 100g.", "sale": "Club Price.", "saving": null, "price_was": null, "price_was_saving": "Save $2.30", "price": "$7.00", "unit": "each"}, "2022-02-07": {"title": "Airborne Liquid Honey Kids", "size": "Squeeze bottle 500g", "approx_single_unit_price": null, "type_size_cup": "Package type Squeeze bottle. Volume size 500g. Cup price $1.40 / 100g.", "sale": "Club Price.", "saving": null, "price_was": null, "price_was_saving": "Save $2.30", "price": "$7.00", "unit": "each"}, "2022-02-08": {"title": "Airborne Liquid Honey Kids", "size": "Squeeze bottle 500g", "approx_single_unit_price": null, "type_size_cup": "Package type Squeeze bottle. Volume size 500g. Cup price $1.40 / 100g.", "sale": "Club Price.", "saving": null, "price_was": null, "price_was_saving": "Save $2.30", "price": "$7.00", "unit": "each"}, "2022-02-09": {"title": "Airborne Liquid Honey Kids", "size": "Squeeze bottle 500g", "approx_single_unit_price": null, "type_size_cup": "Package type Squeeze bottle. Volume size 500g. Cup price $1.40 / 100g.", "sale": "Club Price.", "saving": null, "price_was": null, "price_was_saving": "Save $2.30", "price": "$7.00", "unit": "each"}, "2022-02-10": {"title": "Airborne Liquid Honey Kids", "size": "Squeeze bottle 500g", "approx_single_unit_price": null, "type_size_cup": "Package type Squeeze bottle. Volume size 500g. Cup price $1.40 / 100g.", "sale": "Club Price.", "saving": null, "price_was": null, "price_was_saving": "Save $2.30", "price": "$7.00", "unit": "each"}, "2022-02-15": {"title": "Airborne Liquid Honey Kids", "size": "Squeeze bottle 500g", "approx_single_unit_price": null, "type_size_cup": "Package type Squeeze bottle. Volume size 500g. Cup price $1.86 / 100g.", "sale": null, "saving": null, "price_was": null, "price_was_saving": null, "price": "$9.30", "unit": "each"}, "2022-02-16": {"title": "Airborne Liquid Honey Kids", "size": "Squeeze bottle 500g", "approx_single_unit_price": null, "type_size_cup": "Package type Squeeze bottle. Volume size 500g. Cup price $1.86 / 100g.", "sale": null, "saving": null, "price_was": null, "price_was_saving": null, "price": "$9.30", "unit": "each"}, "2022-02-17": {"title": "Airborne Liquid Honey Kids", "size": "Squeeze bottle 500g", "approx_single_unit_price": null, "type_size_cup": "Package type Squeeze bottle. Volume size 500g. Cup price $1.86 / 100g.", "sale": null, "saving": null, "price_was": null, "price_was_saving": null, "price": "$9.30", "unit": "each"}, "2022-02-18": {"title": "Airborne Liquid Honey Kids", "size": "Squeeze bottle 500g", "approx_single_unit_price": null, "type_size_cup": "Package type Squeeze bottle. Volume size 500g. Cup price $1.86 / 100g.", "sale": null, "saving": null, "price_was": null, "price_was_saving": null, "price": "$9.30", "unit": "each"}, "2022-02-19": {"title": "Airborne Liquid Honey Kids", "size": "Squeeze bottle 500g", "approx_single_unit_price": null, "type_size_cup": "Package type Squeeze bottle. Volume size 500g. Cup price $1.86 / 100g.", "sale": null, "saving": null, "price_was": null, "price_was_saving": null, "price": "$9.30", "unit": "each"}, "2022-02-20": {"title": "Airborne Liquid Honey Kids", "size": "Squeeze bottle 500g", "approx_single_unit_price": null, "type_size_cup": "Package type Squeeze bottle. Volume size 500g. Cup price $1.86 / 100g.", "sale": null, "saving": null, "price_was": null, "price_was_saving": null, "price": "$9.30", "unit": "each"}, "2022-03-03": {"title": "Airborne Liquid Honey Kids", "size": "Squeeze bottle 500g", "approx_single_unit_price": null, "type_size_cup": "Package type Squeeze bottle. Volume size 500g. Cup price $1.40 / 100g.", "sale": "Club Price.", "saving": null, "price_was": null, "price_was_saving": "Save $2.30", "price": "$7.00", "unit": "each"}, "2022-03-04": {"title": "Airborne Liquid Honey Kids", "size": "Squeeze bottle 500g", "approx_single_unit_price": null, "type_size_cup": "Package type Squeeze bottle. Volume size 500g. Cup price $1.40 / 100g.", "sale": "Club Price.", "saving": null, "price_was": null, "price_was_saving": "Save $2.30", "price": "$7.00", "unit": "each"}, "2022-03-17": {"title": "Airborne Liquid Honey Kids", "size": "Squeeze bottle 500g", "approx_single_unit_price": null, "type_size_cup": "Package type Squeeze bottle. Volume size 500g. Cup price $1.86 / 100g.", "sale": null, "saving": null, "price_was": null, "price_was_saving": null, "price": "$9.30", "unit": "each"}, "2022-03-18": {"title": "Airborne Liquid Honey Kids", "size": "Squeeze bottle 500g", "approx_single_unit_price": null, "type_size_cup": "Package type Squeeze bottle. Volume size 500g. Cup price $1.86 / 100g.", "sale": null, "saving": null, "price_was": null, "price_was_saving": null, "price": "$9.30", "unit": "each"}, "2022-03-19": {"title": "Airborne Liquid Honey Kids", "size": "Squeeze bottle 500g", "approx_single_unit_price": null, "type_size_cup": "Package type Squeeze bottle. Volume size 500g. Cup price $1.86 / 100g.", "sale": null, "saving": null, "price_was": null, "price_was_saving": null, "price": "$9.30", "unit": "each"}, "2022-03-31": {"title": "Airborne Liquid Honey Kids", "size": "Squeeze bottle 500g", "approx_single_unit_price": null, "type_size_cup": "Package type Squeeze bottle. Volume size 500g. Cup price $1.40 / 100g.", "sale": "Club Price.", "saving": null, "price_was": null, "price_was_saving": "Save $2.30", "price": "$7.00", "unit": "each"}, "2022-04-01": {"title": "Airborne Liquid Honey Kids", "size": "Squeeze bottle 500g", "approx_single_unit_price": null, "type_size_cup": "Package type Squeeze bottle. Volume size 500g. Cup price $1.40 / 100g.", "sale": "Club Price.", "saving": null, "price_was": null, "price_was_saving": "Save $2.30", "price": "$7.00", "unit": "each"}, "2022-04-02": {"title": "Airborne Liquid Honey Kids", "size": "Squeeze bottle 500g", "approx_single_unit_price": null, "type_size_cup": "Package type Squeeze bottle. Volume size 500g. Cup price $1.40 / 100g.", "sale": "Club Price.", "saving": null, "price_was": null, "price_was_saving": "Save $2.30", "price": "$7.00", "unit": "each"}, "2022-04-03": {"title": "Airborne Liquid Honey Kids", "size": "Squeeze bottle 500g", "approx_single_unit_price": null, "type_size_cup": "Package type Squeeze bottle. Volume size 500g. Cup price $1.40 / 100g.", "sale": "Club Price.", "saving": null, "price_was": null, "price_was_saving": "Save $2.30", "price": "$7.00", "unit": "each"}, "2022-04-04": {"title": "Airborne Liquid Honey Kids", "size": "Squeeze bottle 500g", "approx_single_unit_price": null, "type_size_cup": "Package type Squeeze bottle. Volume size 500g. Cup price $1.40 / 100g.", "sale": "Club Price.", "saving": null, "price_was": null, "price_was_saving": "Save $2.30", "price": "$7.00", "unit": "each"}, "2022-04-05": {"title": "Airborne Liquid Honey Kids", "size": "Squeeze bottle 500g", "approx_single_unit_price": null, "type_size_cup": "Package type Squeeze bottle. Volume size 500g. Cup price $1.40 / 100g.", "sale": "Club Price.", "saving": null, "price_was": null, "price_was_saving": "Save $2.30", "price": "$7.00", "unit": "each"}, "2022-04-06": {"title": "Airborne Liquid Honey Kids", "size": "Squeeze bottle 500g", "approx_single_unit_price": null, "type_size_cup": "Package type Squeeze bottle. Volume size 500g. Cup price $1.40 / 100g.", "sale": "Club Price.", "saving": null, "price_was": null, "price_was_saving": "Save $2.30", "price": "$7.00", "unit": "each"}, "2022-04-07": {"title": "Airborne Liquid Honey Kids", "size": "Squeeze bottle 500g", "approx_single_unit_price": null, "type_size_cup": "Package type Squeeze bottle. Volume size 500g. Cup price $1.40 / 100g.", "sale": "Club Price.", "saving": null, "price_was": null, "price_was_saving": "Save $2.30", "price": "$7.00", "unit": "each"}, "2022-04-08": {"title": "Airborne Liquid Honey Kids", "size": "Squeeze bottle 500g", "approx_single_unit_price": null, "type_size_cup": "Package type Squeeze bottle. Volume size 500g. Cup price $1.40 / 100g.", "sale": "Club Price.", "saving": null, "price_was": null, "price_was_saving": "Save $2.30", "price": "$7.00", "unit": "each"}, "2022-04-09": {"title": "Airborne Liquid Honey Kids", "size": "Squeeze bottle 500g", "approx_single_unit_price": null, "type_size_cup": "Package type Squeeze bottle. Volume size 500g. Cup price $1.40 / 100g.", "sale": "Club Price.", "saving": null, "price_was": null, "price_was_saving": "Save $2.30", "price": "$7.00", "unit": "each"}, "2022-04-10": {"title": "Airborne Liquid Honey Kids", "size": "Squeeze bottle 500g", "approx_single_unit_price": null, "type_size_cup": "Package type Squeeze bottle. Volume size 500g. Cup price $1.40 / 100g.", "sale": "Club Price.", "saving": null, "price_was": null, "price_was_saving": "Save $2.30", "price": "$7.00", "unit": "each"}, "2022-04-11": {"title": "Airborne Liquid Honey Kids", "size": "Squeeze bottle 500g", "approx_single_unit_price": null, "type_size_cup": "Package type Squeeze bottle. Volume size 500g. Cup price $1.86 / 100g.", "sale": null, "saving": null, "price_was": null, "price_was_saving": null, "price": "$9.30", "unit": "each"}, "2022-04-12": {"title": "Airborne Liquid Honey Kids", "size": "Squeeze bottle 500g", "approx_single_unit_price": null, "type_size_cup": "Package type Squeeze bottle. Volume size 500g. Cup price $1.86 / 100g.", "sale": null, "saving": null, "price_was": null, "price_was_saving": null, "price": "$9.30", "unit": "each"}, "2022-04-13": {"title": "Airborne Liquid Honey Kids", "size": "Squeeze bottle 500g", "approx_single_unit_price": null, "type_size_cup": "Package type Squeeze bottle. Volume size 500g. Cup price $1.86 / 100g.", "sale": null, "saving": null, "price_was": null, "price_was_saving": null, "price": "$9.30", "unit": "each"}, "2022-04-14": {"title": "Airborne Liquid Honey Kids", "size": "Squeeze bottle 500g", "approx_single_unit_price": null, "type_size_cup": "Package type Squeeze bottle. Volume size 500g. Cup price $1.86 / 100g.", "sale": null, "saving": null, "price_was": null, "price_was_saving": null, "price": "$9.30", "unit": "each"}, "2022-04-15": {"title": "Airborne Liquid Honey Kids", "size": "Squeeze bottle 500g", "approx_single_unit_price": null, "type_size_cup": "Package type Squeeze bottle. Volume size 500g. Cup price $1.86 / 100g.", "sale": null, "saving": null, "price_was": null, "price_was_saving": null, "price": "$9.30", "unit": "each"}, "2022-04-16": {"title": "Airborne Liquid Honey Kids", "size": "Squeeze bottle 500g", "approx_single_unit_price": null, "type_size_cup": "Package type Squeeze bottle. Volume size 500g. Cup price $1.86 / 100g.", "sale": null, "saving": null, "price_was": null, "price_was_saving": null, "price": "$9.30", "unit": "each"}, "2022-04-17": {"title": "Airborne Liquid Honey Kids", "size": "Squeeze bottle 500g", "approx_single_unit_price": null, "type_size_cup": "Package type Squeeze bottle. Volume size 500g. Cup price $1.86 / 100g.", "sale": null, "saving": null, "price_was": null, "price_was_saving": null, "price": "$9.30", "unit": "each"}, "2022-04-18": {"title": "Airborne Liquid Honey Kids", "size": "Squeeze bottle 500g", "approx_single_unit_price": null, "type_size_cup": "Package type Squeeze bottle. Volume size 500g. Cup price $1.86 / 100g.", "sale": null, "saving": null, "price_was": null, "price_was_saving": null, "price": "$9.30", "unit": "each"}};
console.log(json_data);
let raw_data = [];
for (let [date, value] of Object.entries(json_data)) {
    raw_data.push({date:date, value:value});
}

let processed_data = {x:[], y:[], text:[], mode:'lines+markers', name:'Countdown', line:{width:2, color:'rgb(0,120,55)'}};
raw_data.sort(function(a,b) {return a.date > b.date}).forEach(function(data) {
    processed_data.x.push(data.date);
    if (data.value.sale == 'Special.') {
        if (data.value.saving.includes('for $')) {
            let saving =  data.value.saving.split('for $');
            processed_data.y.push(parseFloat(saving[1]) / parseFloat(saving[0]));
            processed_data.text.push(data.value.price + ' or ' + data.value.saving);
        } else {
            processed_data.y.push(data.value.price);
            processed_data.text.push(data.value.saving);
        }
    } else if (data.value.sale == 'Club Price.') { //will always have a non_club_price
        processed_data.y.push(data.value.price);
        processed_data.text.push(data.value.sale + ' ' + data.value.non_club_price);
    } else {
        console.log(data.value.sale, data.value.saving, data.value.price_was_saving)
        processed_data.y.push(data.value.price);
        processed_data.text.push(data.value.price_was_saving);
    }
});

let graph_div = document.getElementById("graph");
let data = [processed_data];
let layout = {showlegend:false, yaxis:{title:{text:"$", font:{size:16}}}};
let config = {displaylogo:false, displayModeBar:true, responsive:true, showEditInChartStudio:true, plotlyServerURL:"https://chart-studio.plotly.com", modeBarButtonsToRemove:['select2d','lasso2d','zoomIn2d','zoomOut2d','autoScale2d']}; //'zoom2d','pan2d',
Plotly.newPlot(graph_div, data, layout, config);

let data_div = document.getElementById("data");
for (let [date, values] of Object.entries(json_data)) {
    data_div.innerHTML += '<b>' + date + '</b><br>';
    for (let [key, value] of Object.entries(values)) {
        data_div.innerHTML += '&nbsp;&nbsp;&nbsp;&nbsp;' + key + ':&nbsp;' + JSON.stringify(value) + '<br>';
    }
    data_div.innerHTML += '<br>';
}
</script>
</html>
