
<!DOCTYPE html>
<html lang=en>
<body>
<div id=product_description><h3>Countdown<br><br>Airwick Essential Oils Le Scented Oil Plug In Vanilla & Cashmere Primary 21mL<br><br></h3></div>
<div id=graph></div>
<br>
<div id=data></div>
</body>
<script src="https://cdn.plot.ly/plotly-2.24.1.min.js" charset="utf-8"></script>
<script>
let json_data = {"2021-11-28": {"title": "Airwick Essential Oils Le Scented Oil Plug In Vanilla & Cashmere", "size": "Primary 21mL", "approx_single_unit_price": null, "type_size_cup": "Package type Primary. Volume size 21mL. Cup price $4.76 / 10mL.", "sale": null, "saving": null, "price_was": "Was $11.00", "price_was_saving": "Save $1.00", "price": "$10.00", "unit": "each"}, "2021-12-31": {"title": "Airwick Essential Oils Le Scented Oil Plug In Vanilla & Cashmere", "size": "Primary 21mL", "approx_single_unit_price": null, "type_size_cup": "Package type Primary. Volume size 21mL. Cup price $4.76 / 10mL.", "sale": "Special.", "saving": "Save $1.00.", "price_was": "Was $11.00", "price_was_saving": "Save $1.00", "price": "$10.00", "unit": "each"}, "2022-01-07": {"title": "Airwick Essential Oils Le Scented Oil Plug In Vanilla & Cashmere", "size": "Primary 21mL", "approx_single_unit_price": null, "type_size_cup": "Package type Primary. Volume size 21mL. Cup price $5.24 / 10mL.", "sale": null, "saving": null, "price_was": null, "price_was_saving": null, "price": "$11.00", "unit": "each"}, "2022-01-08": {"title": "Airwick Essential Oils Le Scented Oil Plug In Vanilla & Cashmere", "size": "Primary 21mL", "approx_single_unit_price": null, "type_size_cup": "Package type Primary. Volume size 21mL. Cup price $5.24 / 10mL.", "sale": null, "saving": null, "price_was": null, "price_was_saving": null, "price": "$11.00", "unit": "each"}, "2022-02-15": {"title": "Airwick Essential Oils Le Scented Oil Plug In Vanilla & Cashmere", "size": "Primary 21mL", "approx_single_unit_price": null, "type_size_cup": "Package type Primary. Volume size 21mL. Cup price $4.76 / 10mL.", "sale": "Special.", "saving": "Save $3.00.", "price_was": "Was $13.00", "price_was_saving": "Save $3.00", "price": "$10.00", "unit": "each"}, "2022-02-16": {"title": "Airwick Essential Oils Le Scented Oil Plug In Vanilla & Cashmere", "size": "Primary 21mL", "approx_single_unit_price": null, "type_size_cup": "Package type Primary. Volume size 21mL. Cup price $4.76 / 10mL.", "sale": "Special.", "saving": "Save $3.00.", "price_was": "Was $13.00", "price_was_saving": "Save $3.00", "price": "$10.00", "unit": "each"}, "2022-02-17": {"title": "Airwick Essential Oils Le Scented Oil Plug In Vanilla & Cashmere", "size": "Primary 21mL", "approx_single_unit_price": null, "type_size_cup": "Package type Primary. Volume size 21mL. Cup price $4.76 / 10mL.", "sale": "Special.", "saving": "Save $3.00.", "price_was": "Was $13.00", "price_was_saving": "Save $3.00", "price": "$10.00", "unit": "each"}, "2022-02-18": {"title": "Airwick Essential Oils Le Scented Oil Plug In Vanilla & Cashmere", "size": "Primary 21mL", "approx_single_unit_price": null, "type_size_cup": "Package type Primary. Volume size 21mL. Cup price $4.76 / 10mL.", "sale": "Special.", "saving": "Save $3.00.", "price_was": "Was $13.00", "price_was_saving": "Save $3.00", "price": "$10.00", "unit": "each"}, "2022-02-19": {"title": "Airwick Essential Oils Le Scented Oil Plug In Vanilla & Cashmere", "size": "Primary 21mL", "approx_single_unit_price": null, "type_size_cup": "Package type Primary. Volume size 21mL. Cup price $4.76 / 10mL.", "sale": "Special.", "saving": "Save $3.00.", "price_was": "Was $13.00", "price_was_saving": "Save $3.00", "price": "$10.00", "unit": "each"}, "2022-02-20": {"title": "Airwick Essential Oils Le Scented Oil Plug In Vanilla & Cashmere", "size": "Primary 21mL", "approx_single_unit_price": null, "type_size_cup": "Package type Primary. Volume size 21mL. Cup price $4.76 / 10mL.", "sale": "Special.", "saving": "Save $3.00.", "price_was": "Was $13.00", "price_was_saving": "Save $3.00", "price": "$10.00", "unit": "each"}, "2022-02-21": {"title": "Airwick Essential Oils Le Scented Oil Plug In Vanilla & Cashmere", "size": "Primary 21mL", "approx_single_unit_price": null, "type_size_cup": "Package type Primary. Volume size 21mL. Cup price $4.76 / 10mL.", "sale": "Special.", "saving": "Save $3.00.", "price_was": "Was $13.00", "price_was_saving": "Save $3.00", "price": "$10.00", "unit": "each"}, "2022-02-22": {"title": "Airwick Essential Oils Le Scented Oil Plug In Vanilla & Cashmere", "size": "Primary 21mL", "approx_single_unit_price": null, "type_size_cup": "Package type Primary. Volume size 21mL. Cup price $4.76 / 10mL.", "sale": "Special.", "saving": "Save $3.00.", "price_was": "Was $13.00", "price_was_saving": "Save $3.00", "price": "$10.00", "unit": "each"}, "2022-02-23": {"title": "Airwick Essential Oils Le Scented Oil Plug In Vanilla & Cashmere", "size": "Primary 21mL", "approx_single_unit_price": null, "type_size_cup": "Package type Primary. Volume size 21mL. Cup price $4.76 / 10mL.", "sale": "Special.", "saving": "Save $3.00.", "price_was": "Was $13.00", "price_was_saving": "Save $3.00", "price": "$10.00", "unit": "each"}, "2022-02-24": {"title": "Airwick Essential Oils Le Scented Oil Plug In Vanilla & Cashmere", "size": "Primary 21mL", "approx_single_unit_price": null, "type_size_cup": "Package type Primary. Volume size 21mL. Cup price $4.76 / 10mL.", "sale": "Special.", "saving": "Save $3.00.", "price_was": "Was $13.00", "price_was_saving": "Save $3.00", "price": "$10.00", "unit": "each"}, "2022-02-25": {"title": "Airwick Essential Oils Le Scented Oil Plug In Vanilla & Cashmere", "size": "Primary 21mL", "approx_single_unit_price": null, "type_size_cup": "Package type Primary. Volume size 21mL. Cup price $4.76 / 10mL.", "sale": "Special.", "saving": "Save $3.00.", "price_was": "Was $13.00", "price_was_saving": "Save $3.00", "price": "$10.00", "unit": "each"}, "2022-02-26": {"title": "Airwick Essential Oils Le Scented Oil Plug In Vanilla & Cashmere", "size": "Primary 21mL", "approx_single_unit_price": null, "type_size_cup": "Package type Primary. Volume size 21mL. Cup price $4.76 / 10mL.", "sale": "Special.", "saving": "Save $3.00.", "price_was": "Was $13.00", "price_was_saving": "Save $3.00", "price": "$10.00", "unit": "each"}, "2022-02-27": {"title": "Airwick Essential Oils Le Scented Oil Plug In Vanilla & Cashmere", "size": "Primary 21mL", "approx_single_unit_price": null, "type_size_cup": "Package type Primary. Volume size 21mL. Cup price $4.76 / 10mL.", "sale": "Special.", "saving": "Save $3.00.", "price_was": "Was $13.00", "price_was_saving": "Save $3.00", "price": "$10.00", "unit": "each"}, "2022-02-28": {"title": "Airwick Essential Oils Le Scented Oil Plug In Vanilla & Cashmere", "size": "Primary 21mL", "approx_single_unit_price": null, "type_size_cup": "Package type Primary. Volume size 21mL. Cup price $6.19 / 10mL.", "sale": null, "saving": null, "price_was": null, "price_was_saving": null, "price": "$13.00", "unit": "each"}, "2022-03-01": {"title": "Airwick Essential Oils Le Scented Oil Plug In Vanilla & Cashmere", "size": "Primary 21mL", "approx_single_unit_price": null, "type_size_cup": "Package type Primary. Volume size 21mL. Cup price $6.19 / 10mL.", "sale": null, "saving": null, "price_was": null, "price_was_saving": null, "price": "$13.00", "unit": "each"}, "2022-03-02": {"title": "Airwick Essential Oils Le Scented Oil Plug In Vanilla & Cashmere", "size": "Primary 21mL", "approx_single_unit_price": null, "type_size_cup": "Package type Primary. Volume size 21mL. Cup price $6.19 / 10mL.", "sale": null, "saving": null, "price_was": null, "price_was_saving": null, "price": "$13.00", "unit": "each"}, "2022-03-03": {"title": "Airwick Essential Oils Le Scented Oil Plug In Vanilla & Cashmere", "size": "Primary 21mL", "approx_single_unit_price": null, "type_size_cup": "Package type Primary. Volume size 21mL. Cup price $6.19 / 10mL.", "sale": null, "saving": null, "price_was": null, "price_was_saving": null, "price": "$13.00", "unit": "each"}, "2022-03-04": {"title": "Airwick Essential Oils Le Scented Oil Plug In Vanilla & Cashmere", "size": "Primary 21mL", "approx_single_unit_price": null, "type_size_cup": "Package type Primary. Volume size 21mL. Cup price $6.19 / 10mL.", "sale": null, "saving": null, "price_was": null, "price_was_saving": null, "price": "$13.00", "unit": "each"}, "2022-03-05": {"title": "Airwick Essential Oils Le Scented Oil Plug In Vanilla & Cashmere", "size": "Primary 21mL", "approx_single_unit_price": null, "type_size_cup": "Package type Primary. Volume size 21mL. Cup price $6.19 / 10mL.", "sale": null, "saving": null, "price_was": null, "price_was_saving": null, "price": "$13.00", "unit": "each"}, "2022-03-06": {"title": "Airwick Essential Oils Le Scented Oil Plug In Vanilla & Cashmere", "size": "Primary 21mL", "approx_single_unit_price": null, "type_size_cup": "Package type Primary. Volume size 21mL. Cup price $6.19 / 10mL.", "sale": null, "saving": null, "price_was": null, "price_was_saving": null, "price": "$13.00", "unit": "each"}, "2022-03-07": {"title": "Airwick Essential Oils Le Scented Oil Plug In Vanilla & Cashmere", "size": "Primary 21mL", "approx_single_unit_price": null, "type_size_cup": "Package type Primary. Volume size 21mL. Cup price $6.19 / 10mL.", "sale": null, "saving": null, "price_was": null, "price_was_saving": null, "price": "$13.00", "unit": "each"}, "2022-03-08": {"title": "Airwick Essential Oils Le Scented Oil Plug In Vanilla & Cashmere", "size": "Primary 21mL", "approx_single_unit_price": null, "type_size_cup": "Package type Primary. Volume size 21mL. Cup price $6.19 / 10mL.", "sale": null, "saving": null, "price_was": null, "price_was_saving": null, "price": "$13.00", "unit": "each"}, "2022-03-27": {"title": "Airwick Essential Oils Le Scented Oil Plug In Vanilla & Cashmere", "size": "Primary 21mL", "approx_single_unit_price": null, "type_size_cup": "Package type Primary. Volume size 21mL. Cup price $5.24 / 10mL.", "sale": "Special.", "saving": "Save $2.00.", "price_was": "Was $13.00", "price_was_saving": "Save $2.00", "price": "$11.00", "unit": "each"}, "2022-03-28": {"title": "Airwick Essential Oils Le Scented Oil Plug In Vanilla & Cashmere", "size": "Primary 21mL", "approx_single_unit_price": null, "type_size_cup": "Package type Primary. Volume size 21mL. Cup price $6.19 / 10mL.", "sale": null, "saving": null, "price_was": null, "price_was_saving": null, "price": "$13.00", "unit": "each"}, "2022-04-19": {"title": "Airwick Essential Oils Le Scented Oil Plug In Vanilla & Cashmere", "size": "Primary 21mL", "approx_single_unit_price": null, "type_size_cup": "Package type Primary. Volume size 21mL. Cup price $4.76 / 10mL.", "sale": "Special.", "saving": "Save $3.00.", "price_was": "Was $13.00", "price_was_saving": "Save $3.00", "price": "$10.00", "unit": "each"}, "2022-04-20": {"title": "Airwick Essential Oils Le Scented Oil Plug In Vanilla & Cashmere", "size": "Primary 21mL", "approx_single_unit_price": null, "type_size_cup": "Package type Primary. Volume size 21mL. Cup price $4.76 / 10mL.", "sale": "Special.", "saving": "Save $3.00.", "price_was": "Was $13.00", "price_was_saving": "Save $3.00", "price": "$10.00", "unit": "each"}, "2022-04-21": {"title": "Airwick Essential Oils Le Scented Oil Plug In Vanilla & Cashmere", "size": "Primary 21mL", "approx_single_unit_price": null, "type_size_cup": "Package type Primary. Volume size 21mL. Cup price $4.76 / 10mL.", "sale": "Special.", "saving": "Save $3.00.", "price_was": "Was $13.00", "price_was_saving": "Save $3.00", "price": "$10.00", "unit": "each"}, "2022-04-22": {"title": "Airwick Essential Oils Le Scented Oil Plug In Vanilla & Cashmere", "size": "Primary 21mL", "approx_single_unit_price": null, "type_size_cup": "Package type Primary. Volume size 21mL. Cup price $4.76 / 10mL.", "sale": "Special.", "saving": "Save $3.00.", "price_was": "Was $13.00", "price_was_saving": "Save $3.00", "price": "$10.00", "unit": "each"}};
console.log(json_data);
let raw_data = [];
for (let [date, value] of Object.entries(json_data)) {
    raw_data.push({date:date, value:value});
}

let processed_data = {x:[], y:[], text:[], mode:'lines+markers', name:'Countdown', line:{width:2, color:'rgb(0,120,55)'}};
raw_data.sort(function(a,b) {return a.date > b.date}).forEach(function(data) {
    processed_data.x.push(data.date);
    if (data.value.sale == 'Special.') {
        if (data.value.saving.includes('for $')) {
            let saving =  data.value.saving.split('for $');
            processed_data.y.push(parseFloat(saving[1]) / parseFloat(saving[0]));
            processed_data.text.push(data.value.price + ' or ' + data.value.saving);
        } else {
            processed_data.y.push(data.value.price);
            processed_data.text.push(data.value.saving);
        }
    } else if (data.value.sale == 'Club Price.') { //will always have a non_club_price
        processed_data.y.push(data.value.price);
        processed_data.text.push(data.value.sale + ' ' + data.value.non_club_price);
    } else {
        console.log(data.value.sale, data.value.saving, data.value.price_was_saving)
        processed_data.y.push(data.value.price);
        processed_data.text.push(data.value.price_was_saving);
    }
});

let graph_div = document.getElementById("graph");
let data = [processed_data];
let layout = {showlegend:false, yaxis:{title:{text:"$", font:{size:16}}}};
let config = {displaylogo:false, displayModeBar:true, responsive:true, showEditInChartStudio:true, plotlyServerURL:"https://chart-studio.plotly.com", modeBarButtonsToRemove:['select2d','lasso2d','zoomIn2d','zoomOut2d','autoScale2d']}; //'zoom2d','pan2d',
Plotly.newPlot(graph_div, data, layout, config);

let data_div = document.getElementById("data");
for (let [date, values] of Object.entries(json_data)) {
    data_div.innerHTML += '<b>' + date + '</b><br>';
    for (let [key, value] of Object.entries(values)) {
        data_div.innerHTML += '&nbsp;&nbsp;&nbsp;&nbsp;' + key + ':&nbsp;' + JSON.stringify(value) + '<br>';
    }
    data_div.innerHTML += '<br>';
}
</script>
</html>
