
<!DOCTYPE html>
<html lang=en>
<body>
<div id=product_description><h3>Countdown<br><br>Anchor Cheese Slices Processed Cheddar 250g<br><br></h3></div>
<div id=graph></div>
<br>
<div id=data></div>
</body>
<script src="https://cdn.plot.ly/plotly-2.24.1.min.js" charset="utf-8"></script>
<script>
let json_data = {"2021-11-19": {"title": "Anchor Cheese Slices Processed Cheddar", "size": "250g", "approx_single_unit_price": null, "type_size_cup": "Volume size 250g. Cup price $12.80 / 1kg.", "sale": null, "saving": null, "price_was": "Was $3.80", "price_was_saving": "Save $0.60", "price": "$3.20", "unit": "each"}, "2021-11-20": {"title": "Anchor Cheese Slices Processed Cheddar", "size": "250g", "approx_single_unit_price": null, "type_size_cup": "Volume size 250g. Cup price $12.80 / 1kg.", "sale": null, "saving": null, "price_was": "Was $3.80", "price_was_saving": "Save $0.60", "price": "$3.20", "unit": "each"}, "2021-11-21": {"title": "Anchor Cheese Slices Processed Cheddar", "size": "250g", "approx_single_unit_price": null, "type_size_cup": "Volume size 250g. Cup price $12.80 / 1kg.", "sale": null, "saving": null, "price_was": "Was $3.80", "price_was_saving": "Save $0.60", "price": "$3.20", "unit": "each"}, "2021-11-22": {"title": "Anchor Cheese Slices Processed Cheddar", "size": "250g", "approx_single_unit_price": null, "type_size_cup": "Volume size 250g. Cup price $15.20 / 1kg.", "sale": null, "saving": null, "price_was": null, "price_was_saving": null, "price": "$3.80", "unit": "each"}, "2021-11-23": {"title": "Anchor Cheese Slices Processed Cheddar", "size": "250g", "approx_single_unit_price": null, "type_size_cup": "Volume size 250g. Cup price $15.20 / 1kg.", "sale": null, "saving": null, "price_was": null, "price_was_saving": null, "price": "$3.80", "unit": "each"}, "2021-11-24": {"title": "Anchor Cheese Slices Processed Cheddar", "size": "250g", "approx_single_unit_price": null, "type_size_cup": "Volume size 250g. Cup price $15.20 / 1kg.", "sale": null, "saving": null, "price_was": null, "price_was_saving": null, "price": "$3.80", "unit": "each"}, "2021-11-25": {"title": "Anchor Cheese Slices Processed Cheddar", "size": "250g", "approx_single_unit_price": null, "type_size_cup": "Volume size 250g. Cup price $15.20 / 1kg.", "sale": null, "saving": null, "price_was": null, "price_was_saving": null, "price": "$3.80", "unit": "each"}, "2021-11-26": {"title": "Anchor Cheese Slices Processed Cheddar", "size": "250g", "approx_single_unit_price": null, "type_size_cup": "Volume size 250g. Cup price $15.20 / 1kg.", "sale": null, "saving": null, "price_was": null, "price_was_saving": null, "price": "$3.80", "unit": "each"}, "2021-11-27": {"title": "Anchor Cheese Slices Processed Cheddar", "size": "250g", "approx_single_unit_price": null, "type_size_cup": "Volume size 250g. Cup price $15.20 / 1kg.", "sale": null, "saving": null, "price_was": null, "price_was_saving": null, "price": "$3.80", "unit": "each"}, "2021-11-28": {"title": "Anchor Cheese Slices Processed Cheddar", "size": "250g", "approx_single_unit_price": null, "type_size_cup": "Volume size 250g. Cup price $15.20 / 1kg.", "sale": null, "saving": null, "price_was": null, "price_was_saving": null, "price": "$3.80", "unit": "each"}, "2021-11-29": {"title": "Anchor Cheese Slices Processed Cheddar", "size": "250g", "approx_single_unit_price": null, "type_size_cup": "Volume size 250g. Cup price $12.80 / 1kg.", "sale": null, "saving": null, "price_was": "Was $3.80", "price_was_saving": "Save $0.60", "price": "$3.20", "unit": "each"}, "2021-11-30": {"title": "Anchor Cheese Slices Processed Cheddar", "size": "250g", "approx_single_unit_price": null, "type_size_cup": "Volume size 250g. Cup price $12.80 / 1kg.", "sale": null, "saving": null, "price_was": "Was $3.80", "price_was_saving": "Save $0.60", "price": "$3.20", "unit": "each"}, "2021-12-01": {"title": "Anchor Cheese Slices Processed Cheddar", "size": "250g", "approx_single_unit_price": null, "type_size_cup": "Volume size 250g. Cup price $12.80 / 1kg.", "sale": null, "saving": null, "price_was": "Was $3.80", "price_was_saving": "Save $0.60", "price": "$3.20", "unit": "each"}, "2021-12-02": {"title": "Anchor Cheese Slices Processed Cheddar", "size": "250g", "approx_single_unit_price": null, "type_size_cup": "Volume size 250g. Cup price $12.80 / 1kg.", "sale": null, "saving": null, "price_was": "Was $3.80", "price_was_saving": "Save $0.60", "price": "$3.20", "unit": "each"}, "2021-12-03": {"title": "Anchor Cheese Slices Processed Cheddar", "size": "250g", "approx_single_unit_price": null, "type_size_cup": "Volume size 250g. Cup price $12.80 / 1kg.", "sale": null, "saving": null, "price_was": "Was $3.80", "price_was_saving": "Save $0.60", "price": "$3.20", "unit": "each"}, "2021-12-06": {"title": "Anchor Cheese Slices Processed Cheddar", "size": "250g", "approx_single_unit_price": null, "type_size_cup": "Volume size 250g. Cup price $15.20 / 1kg.", "sale": null, "saving": null, "price_was": null, "price_was_saving": null, "price": "$3.80", "unit": "each"}, "2021-12-07": {"title": "Anchor Cheese Slices Processed Cheddar", "size": "250g", "approx_single_unit_price": null, "type_size_cup": "Volume size 250g. Cup price $15.20 / 1kg.", "sale": null, "saving": null, "price_was": null, "price_was_saving": null, "price": "$3.80", "unit": "each"}, "2021-12-08": {"title": "Anchor Cheese Slices Processed Cheddar", "size": "250g", "approx_single_unit_price": null, "type_size_cup": "Volume size 250g. Cup price $15.20 / 1kg.", "sale": null, "saving": null, "price_was": null, "price_was_saving": null, "price": "$3.80", "unit": "each"}, "2021-12-09": {"title": "Anchor Cheese Slices Processed Cheddar", "size": "250g", "approx_single_unit_price": null, "type_size_cup": "Volume size 250g. Cup price $15.20 / 1kg.", "sale": null, "saving": null, "price_was": null, "price_was_saving": null, "price": "$3.80", "unit": "each"}, "2021-12-10": {"title": "Anchor Cheese Slices Processed Cheddar", "size": "250g", "approx_single_unit_price": null, "type_size_cup": "Volume size 250g. Cup price $15.20 / 1kg.", "sale": null, "saving": null, "price_was": null, "price_was_saving": null, "price": "$3.80", "unit": "each"}, "2021-12-11": {"title": "Anchor Cheese Slices Processed Cheddar", "size": "250g", "approx_single_unit_price": null, "type_size_cup": "Volume size 250g. Cup price $15.20 / 1kg.", "sale": null, "saving": null, "price_was": null, "price_was_saving": null, "price": "$3.80", "unit": "each"}, "2021-12-12": {"title": "Anchor Cheese Slices Processed Cheddar", "size": "250g", "approx_single_unit_price": null, "type_size_cup": "Volume size 250g. Cup price $15.20 / 1kg.", "sale": null, "saving": null, "price_was": null, "price_was_saving": null, "price": "$3.80", "unit": "each"}, "2021-12-13": {"title": "Anchor Cheese Slices Processed Cheddar", "size": "250g", "approx_single_unit_price": null, "type_size_cup": "Volume size 250g. Cup price $12.80 / 1kg.", "sale": "Special.", "saving": "Save $0.60.", "price_was": "Was $3.80", "price_was_saving": "Save $0.60", "price": "$3.20", "unit": "each"}, "2021-12-14": {"title": "Anchor Cheese Slices Processed Cheddar", "size": "250g", "approx_single_unit_price": null, "type_size_cup": "Volume size 250g. Cup price $12.80 / 1kg.", "sale": "Special.", "saving": "Save $0.60.", "price_was": "Was $3.80", "price_was_saving": "Save $0.60", "price": "$3.20", "unit": "each"}, "2021-12-15": {"title": "Anchor Cheese Slices Processed Cheddar", "size": "250g", "approx_single_unit_price": null, "type_size_cup": "Volume size 250g. Cup price $12.80 / 1kg.", "sale": "Special.", "saving": "Save $0.60.", "price_was": "Was $3.80", "price_was_saving": "Save $0.60", "price": "$3.20", "unit": "each"}, "2021-12-16": {"title": "Anchor Cheese Slices Processed Cheddar", "size": "250g", "approx_single_unit_price": null, "type_size_cup": "Volume size 250g. Cup price $12.80 / 1kg.", "sale": "Special.", "saving": "Save $0.60.", "price_was": "Was $3.80", "price_was_saving": "Save $0.60", "price": "$3.20", "unit": "each"}, "2021-12-18": {"title": "Anchor Cheese Slices Processed Cheddar", "size": "250g", "approx_single_unit_price": null, "type_size_cup": "Volume size 250g. Cup price $12.80 / 1kg.", "sale": "Special.", "saving": "Save $0.60.", "price_was": "Was $3.80", "price_was_saving": "Save $0.60", "price": "$3.20", "unit": "each"}, "2021-12-19": {"title": "Anchor Cheese Slices Processed Cheddar", "size": "250g", "approx_single_unit_price": null, "type_size_cup": "Volume size 250g. Cup price $12.80 / 1kg.", "sale": "Special.", "saving": "Save $0.60.", "price_was": "Was $3.80", "price_was_saving": "Save $0.60", "price": "$3.20", "unit": "each"}, "2021-12-20": {"title": "Anchor Cheese Slices Processed Cheddar", "size": "250g", "approx_single_unit_price": null, "type_size_cup": "Volume size 250g. Cup price $15.20 / 1kg.", "sale": null, "saving": null, "price_was": null, "price_was_saving": null, "price": "$3.80", "unit": "each"}, "2021-12-21": {"title": "Anchor Cheese Slices Processed Cheddar", "size": "250g", "approx_single_unit_price": null, "type_size_cup": "Volume size 250g. Cup price $15.20 / 1kg.", "sale": null, "saving": null, "price_was": null, "price_was_saving": null, "price": "$3.80", "unit": "each"}, "2021-12-22": {"title": "Anchor Cheese Slices Processed Cheddar", "size": "250g", "approx_single_unit_price": null, "type_size_cup": "Volume size 250g. Cup price $15.20 / 1kg.", "sale": null, "saving": null, "price_was": null, "price_was_saving": null, "price": "$3.80", "unit": "each"}, "2021-12-23": {"title": "Anchor Cheese Slices Processed Cheddar", "size": "250g", "approx_single_unit_price": null, "type_size_cup": "Volume size 250g. Cup price $15.20 / 1kg.", "sale": null, "saving": null, "price_was": null, "price_was_saving": null, "price": "$3.80", "unit": "each"}, "2021-12-24": {"title": "Anchor Cheese Slices Processed Cheddar", "size": "250g", "approx_single_unit_price": null, "type_size_cup": "Volume size 250g. Cup price $15.20 / 1kg.", "sale": null, "saving": null, "price_was": null, "price_was_saving": null, "price": "$3.80", "unit": "each"}, "2021-12-25": {"title": "Anchor Cheese Slices Processed Cheddar", "size": "250g", "approx_single_unit_price": null, "type_size_cup": "Volume size 250g. Cup price $15.20 / 1kg.", "sale": null, "saving": null, "price_was": null, "price_was_saving": null, "price": "$3.80", "unit": "each"}, "2021-12-26": {"title": "Anchor Cheese Slices Processed Cheddar", "size": "250g", "approx_single_unit_price": null, "type_size_cup": "Volume size 250g. Cup price $15.20 / 1kg.", "sale": null, "saving": null, "price_was": null, "price_was_saving": null, "price": "$3.80", "unit": "each"}, "2021-12-27": {"title": "Anchor Cheese Slices Processed Cheddar", "size": "250g", "approx_single_unit_price": null, "type_size_cup": "Volume size 250g. Cup price $15.20 / 1kg.", "sale": null, "saving": null, "price_was": null, "price_was_saving": null, "price": "$3.80", "unit": "each"}, "2021-12-28": {"title": "Anchor Cheese Slices Processed Cheddar", "size": "250g", "approx_single_unit_price": null, "type_size_cup": "Volume size 250g. Cup price $15.20 / 1kg.", "sale": null, "saving": null, "price_was": null, "price_was_saving": null, "price": "$3.80", "unit": "each"}, "2021-12-29": {"title": "Anchor Cheese Slices Processed Cheddar", "size": "250g", "approx_single_unit_price": null, "type_size_cup": "Volume size 250g. Cup price $15.20 / 1kg.", "sale": null, "saving": null, "price_was": null, "price_was_saving": null, "price": "$3.80", "unit": "each"}, "2021-12-31": {"title": "Anchor Cheese Slices Processed Cheddar", "size": "250g", "approx_single_unit_price": null, "type_size_cup": "Volume size 250g. Cup price $15.20 / 1kg.", "sale": null, "saving": null, "price_was": null, "price_was_saving": null, "price": "$3.80", "unit": "each"}, "2022-01-02": {"title": "Anchor Cheese Slices Processed Cheddar", "size": "250g", "approx_single_unit_price": null, "type_size_cup": "Volume size 250g. Cup price $15.20 / 1kg.", "sale": null, "saving": null, "price_was": null, "price_was_saving": null, "price": "$3.80", "unit": "each"}, "2022-01-03": {"title": "Anchor Cheese Slices Processed Cheddar", "size": "250g", "approx_single_unit_price": null, "type_size_cup": "Volume size 250g. Cup price $15.20 / 1kg.", "sale": null, "saving": null, "price_was": null, "price_was_saving": null, "price": "$3.80", "unit": "each"}, "2022-01-04": {"title": "Anchor Cheese Slices Processed Cheddar", "size": "250g", "approx_single_unit_price": null, "type_size_cup": "Volume size 250g. Cup price $15.20 / 1kg.", "sale": null, "saving": null, "price_was": null, "price_was_saving": null, "price": "$3.80", "unit": "each"}, "2022-01-05": {"title": "Anchor Cheese Slices Processed Cheddar", "size": "250g", "approx_single_unit_price": null, "type_size_cup": "Volume size 250g. Cup price $15.20 / 1kg.", "sale": null, "saving": null, "price_was": null, "price_was_saving": null, "price": "$3.80", "unit": "each"}, "2022-01-06": {"title": "Anchor Cheese Slices Processed Cheddar", "size": "250g", "approx_single_unit_price": null, "type_size_cup": "Volume size 250g. Cup price $15.20 / 1kg.", "sale": null, "saving": null, "price_was": null, "price_was_saving": null, "price": "$3.80", "unit": "each"}, "2022-01-07": {"title": "Anchor Cheese Slices Processed Cheddar", "size": "250g", "approx_single_unit_price": null, "type_size_cup": "Volume size 250g. Cup price $15.20 / 1kg.", "sale": null, "saving": null, "price_was": null, "price_was_saving": null, "price": "$3.80", "unit": "each"}, "2022-01-08": {"title": "Anchor Cheese Slices Processed Cheddar", "size": "250g", "approx_single_unit_price": null, "type_size_cup": "Volume size 250g. Cup price $15.20 / 1kg.", "sale": null, "saving": null, "price_was": null, "price_was_saving": null, "price": "$3.80", "unit": "each"}, "2022-01-09": {"title": "Anchor Cheese Slices Processed Cheddar", "size": "250g", "approx_single_unit_price": null, "type_size_cup": "Volume size 250g. Cup price $15.20 / 1kg.", "sale": null, "saving": null, "price_was": null, "price_was_saving": null, "price": "$3.80", "unit": "each"}, "2022-01-10": {"title": "Anchor Cheese Slices Processed Cheddar", "size": "250g", "approx_single_unit_price": null, "type_size_cup": "Volume size 250g. Cup price $12.80 / 1kg.", "sale": "Special.", "saving": "Save $0.60.", "price_was": "Was $3.80", "price_was_saving": "Save $0.60", "price": "$3.20", "unit": "each"}, "2022-01-11": {"title": "Anchor Cheese Slices Processed Cheddar", "size": "250g", "approx_single_unit_price": null, "type_size_cup": "Volume size 250g. Cup price $12.80 / 1kg.", "sale": "Special.", "saving": "Save $0.60.", "price_was": "Was $3.80", "price_was_saving": "Save $0.60", "price": "$3.20", "unit": "each"}, "2022-01-12": {"title": "Anchor Cheese Slices Processed Cheddar", "size": "250g", "approx_single_unit_price": null, "type_size_cup": "Volume size 250g. Cup price $12.80 / 1kg.", "sale": "Special.", "saving": "Save $0.60.", "price_was": "Was $3.80", "price_was_saving": "Save $0.60", "price": "$3.20", "unit": "each"}, "2022-01-13": {"title": "Anchor Cheese Slices Processed Cheddar", "size": "250g", "approx_single_unit_price": null, "type_size_cup": "Volume size 250g. Cup price $12.80 / 1kg.", "sale": "Special.", "saving": "Save $0.60.", "price_was": "Was $3.80", "price_was_saving": "Save $0.60", "price": "$3.20", "unit": "each"}, "2022-01-14": {"title": "Anchor Cheese Slices Processed Cheddar", "size": "250g", "approx_single_unit_price": null, "type_size_cup": "Volume size 250g. Cup price $12.80 / 1kg.", "sale": "Special.", "saving": "Save $0.60.", "price_was": "Was $3.80", "price_was_saving": "Save $0.60", "price": "$3.20", "unit": "each"}, "2022-01-15": {"title": "Anchor Cheese Slices Processed Cheddar", "size": "250g", "approx_single_unit_price": null, "type_size_cup": "Volume size 250g. Cup price $12.80 / 1kg.", "sale": "Special.", "saving": "Save $0.60.", "price_was": "Was $3.80", "price_was_saving": "Save $0.60", "price": "$3.20", "unit": "each"}, "2022-01-16": {"title": "Anchor Cheese Slices Processed Cheddar", "size": "250g", "approx_single_unit_price": null, "type_size_cup": "Volume size 250g. Cup price $12.80 / 1kg.", "sale": "Special.", "saving": "Save $0.60.", "price_was": "Was $3.80", "price_was_saving": "Save $0.60", "price": "$3.20", "unit": "each"}, "2022-01-17": {"title": "Anchor Cheese Slices Processed Cheddar", "size": "250g", "approx_single_unit_price": null, "type_size_cup": "Volume size 250g. Cup price $15.20 / 1kg.", "sale": null, "saving": null, "price_was": null, "price_was_saving": null, "price": "$3.80", "unit": "each"}, "2022-01-18": {"title": "Anchor Cheese Slices Processed Cheddar", "size": "250g", "approx_single_unit_price": null, "type_size_cup": "Volume size 250g. Cup price $15.20 / 1kg.", "sale": null, "saving": null, "price_was": null, "price_was_saving": null, "price": "$3.80", "unit": "each"}, "2022-01-20": {"title": "Anchor Cheese Slices Processed Cheddar", "size": "250g", "approx_single_unit_price": null, "type_size_cup": "Volume size 250g. Cup price $15.20 / 1kg.", "sale": null, "saving": null, "price_was": null, "price_was_saving": null, "price": "$3.80", "unit": "each"}, "2022-01-21": {"title": "Anchor Cheese Slices Processed Cheddar", "size": "250g", "approx_single_unit_price": null, "type_size_cup": "Volume size 250g. Cup price $15.20 / 1kg.", "sale": null, "saving": null, "price_was": null, "price_was_saving": null, "price": "$3.80", "unit": "each"}, "2022-01-22": {"title": "Anchor Cheese Slices Processed Cheddar", "size": "250g", "approx_single_unit_price": null, "type_size_cup": "Volume size 250g. Cup price $15.20 / 1kg.", "sale": null, "saving": null, "price_was": null, "price_was_saving": null, "price": "$3.80", "unit": "each"}, "2022-01-23": {"title": "Anchor Cheese Slices Processed Cheddar", "size": "250g", "approx_single_unit_price": null, "type_size_cup": "Volume size 250g. Cup price $15.20 / 1kg.", "sale": null, "saving": null, "price_was": null, "price_was_saving": null, "price": "$3.80", "unit": "each"}, "2022-01-24": {"title": "Anchor Cheese Slices Processed Cheddar", "size": "250g", "approx_single_unit_price": null, "type_size_cup": "Volume size 250g. Cup price $12.00 / 1kg.", "sale": "Special.", "saving": "Save $0.80.", "price_was": "Was $3.80", "price_was_saving": "Save $0.80", "price": "$3.00", "unit": "each"}, "2022-01-25": {"title": "Anchor Cheese Slices Processed Cheddar", "size": "250g", "approx_single_unit_price": null, "type_size_cup": "Volume size 250g. Cup price $12.00 / 1kg.", "sale": "Special.", "saving": "Save $0.80.", "price_was": "Was $3.80", "price_was_saving": "Save $0.80", "price": "$3.00", "unit": "each"}, "2022-01-26": {"title": "Anchor Cheese Slices Processed Cheddar", "size": "250g", "approx_single_unit_price": null, "type_size_cup": "Volume size 250g. Cup price $12.00 / 1kg.", "sale": "Special.", "saving": "Save $0.80.", "price_was": "Was $3.80", "price_was_saving": "Save $0.80", "price": "$3.00", "unit": "each"}, "2022-01-27": {"title": "Anchor Cheese Slices Processed Cheddar", "size": "250g", "approx_single_unit_price": null, "type_size_cup": "Volume size 250g. Cup price $12.00 / 1kg.", "sale": "Special.", "saving": "Save $0.80.", "price_was": "Was $3.80", "price_was_saving": "Save $0.80", "price": "$3.00", "unit": "each"}, "2022-01-28": {"title": "Anchor Cheese Slices Processed Cheddar", "size": "250g", "approx_single_unit_price": null, "type_size_cup": "Volume size 250g. Cup price $12.00 / 1kg.", "sale": "Special.", "saving": "Save $0.80.", "price_was": "Was $3.80", "price_was_saving": "Save $0.80", "price": "$3.00", "unit": "each"}, "2022-01-29": {"title": "Anchor Cheese Slices Processed Cheddar", "size": "250g", "approx_single_unit_price": null, "type_size_cup": "Volume size 250g. Cup price $12.00 / 1kg.", "sale": "Special.", "saving": "Save $0.80.", "price_was": "Was $3.80", "price_was_saving": "Save $0.80", "price": "$3.00", "unit": "each"}, "2022-01-30": {"title": "Anchor Cheese Slices Processed Cheddar", "size": "250g", "approx_single_unit_price": null, "type_size_cup": "Volume size 250g. Cup price $12.00 / 1kg.", "sale": "Special.", "saving": "Save $0.80.", "price_was": "Was $3.80", "price_was_saving": "Save $0.80", "price": "$3.00", "unit": "each"}, "2022-01-31": {"title": "Anchor Cheese Slices Processed Cheddar", "size": "250g", "approx_single_unit_price": null, "type_size_cup": "Volume size 250g. Cup price $15.20 / 1kg.", "sale": null, "saving": null, "price_was": null, "price_was_saving": null, "price": "$3.80", "unit": "each"}, "2022-02-01": {"title": "Anchor Cheese Slices Processed Cheddar", "size": "250g", "approx_single_unit_price": null, "type_size_cup": "Volume size 250g. Cup price $15.20 / 1kg.", "sale": null, "saving": null, "price_was": null, "price_was_saving": null, "price": "$3.80", "unit": "each"}, "2022-02-02": {"title": "Anchor Cheese Slices Processed Cheddar", "size": "250g", "approx_single_unit_price": null, "type_size_cup": "Volume size 250g. Cup price $15.20 / 1kg.", "sale": null, "saving": null, "price_was": null, "price_was_saving": null, "price": "$3.80", "unit": "each"}, "2022-02-03": {"title": "Anchor Cheese Slices Processed Cheddar", "size": "250g", "approx_single_unit_price": null, "type_size_cup": "Volume size 250g. Cup price $15.20 / 1kg.", "sale": null, "saving": null, "price_was": null, "price_was_saving": null, "price": "$3.80", "unit": "each"}, "2022-02-04": {"title": "Anchor Cheese Slices Processed Cheddar", "size": "250g", "approx_single_unit_price": null, "type_size_cup": "Volume size 250g. Cup price $15.20 / 1kg.", "sale": null, "saving": null, "price_was": null, "price_was_saving": null, "price": "$3.80", "unit": "each"}, "2022-02-05": {"title": "Anchor Cheese Slices Processed Cheddar", "size": "250g", "approx_single_unit_price": null, "type_size_cup": "Volume size 250g. Cup price $15.20 / 1kg.", "sale": null, "saving": null, "price_was": null, "price_was_saving": null, "price": "$3.80", "unit": "each"}, "2022-02-06": {"title": "Anchor Cheese Slices Processed Cheddar", "size": "250g", "approx_single_unit_price": null, "type_size_cup": "Volume size 250g. Cup price $15.20 / 1kg.", "sale": null, "saving": null, "price_was": null, "price_was_saving": null, "price": "$3.80", "unit": "each"}, "2022-02-07": {"title": "Anchor Cheese Slices Processed Cheddar", "size": "250g", "approx_single_unit_price": null, "type_size_cup": "Volume size 250g. Cup price $12.80 / 1kg.", "sale": "Special.", "saving": "Save $0.60.", "price_was": "Was $3.80", "price_was_saving": "Save $0.60", "price": "$3.20", "unit": "each"}, "2022-02-08": {"title": "Anchor Cheese Slices Processed Cheddar", "size": "250g", "approx_single_unit_price": null, "type_size_cup": "Volume size 250g. Cup price $12.80 / 1kg.", "sale": "Special.", "saving": "Save $0.60.", "price_was": "Was $3.80", "price_was_saving": "Save $0.60", "price": "$3.20", "unit": "each"}, "2022-02-09": {"title": "Anchor Cheese Slices Processed Cheddar", "size": "250g", "approx_single_unit_price": null, "type_size_cup": "Volume size 250g. Cup price $12.80 / 1kg.", "sale": "Special.", "saving": "Save $0.60.", "price_was": "Was $3.80", "price_was_saving": "Save $0.60", "price": "$3.20", "unit": "each"}, "2022-02-10": {"title": "Anchor Cheese Slices Processed Cheddar", "size": "250g", "approx_single_unit_price": null, "type_size_cup": "Volume size 250g. Cup price $12.80 / 1kg.", "sale": "Special.", "saving": "Save $0.60.", "price_was": "Was $3.80", "price_was_saving": "Save $0.60", "price": "$3.20", "unit": "each"}, "2022-02-11": {"title": "Anchor Cheese Slices Processed Cheddar", "size": "250g", "approx_single_unit_price": null, "type_size_cup": "Volume size 250g. Cup price $12.80 / 1kg.", "sale": "Special.", "saving": "Save $0.60.", "price_was": "Was $3.80", "price_was_saving": "Save $0.60", "price": "$3.20", "unit": "each"}, "2022-02-12": {"title": "Anchor Cheese Slices Processed Cheddar", "size": "250g", "approx_single_unit_price": null, "type_size_cup": "Volume size 250g. Cup price $12.80 / 1kg.", "sale": "Special.", "saving": "Save $0.60.", "price_was": "Was $3.80", "price_was_saving": "Save $0.60", "price": "$3.20", "unit": "each"}, "2022-02-13": {"title": "Anchor Cheese Slices Processed Cheddar", "size": "250g", "approx_single_unit_price": null, "type_size_cup": "Volume size 250g. Cup price $12.80 / 1kg.", "sale": "Special.", "saving": "Save $0.60.", "price_was": "Was $3.80", "price_was_saving": "Save $0.60", "price": "$3.20", "unit": "each"}, "2022-02-14": {"title": "Anchor Cheese Slices Processed Cheddar", "size": "250g", "approx_single_unit_price": null, "type_size_cup": "Volume size 250g. Cup price $15.20 / 1kg.", "sale": null, "saving": null, "price_was": null, "price_was_saving": null, "price": "$3.80", "unit": "each"}, "2022-02-15": {"title": "Anchor Cheese Slices Processed Cheddar", "size": "250g", "approx_single_unit_price": null, "type_size_cup": "Volume size 250g. Cup price $15.20 / 1kg.", "sale": null, "saving": null, "price_was": null, "price_was_saving": null, "price": "$3.80", "unit": "each"}, "2022-02-16": {"title": "Anchor Cheese Slices Processed Cheddar", "size": "250g", "approx_single_unit_price": null, "type_size_cup": "Volume size 250g. Cup price $15.20 / 1kg.", "sale": null, "saving": null, "price_was": null, "price_was_saving": null, "price": "$3.80", "unit": "each"}, "2022-02-17": {"title": "Anchor Cheese Slices Processed Cheddar", "size": "250g", "approx_single_unit_price": null, "type_size_cup": "Volume size 250g. Cup price $15.20 / 1kg.", "sale": null, "saving": null, "price_was": null, "price_was_saving": null, "price": "$3.80", "unit": "each"}, "2022-02-18": {"title": "Anchor Cheese Slices Processed Cheddar", "size": "250g", "approx_single_unit_price": null, "type_size_cup": "Volume size 250g. Cup price $15.20 / 1kg.", "sale": null, "saving": null, "price_was": null, "price_was_saving": null, "price": "$3.80", "unit": "each"}, "2022-02-19": {"title": "Anchor Cheese Slices Processed Cheddar", "size": "250g", "approx_single_unit_price": null, "type_size_cup": "Volume size 250g. Cup price $15.20 / 1kg.", "sale": null, "saving": null, "price_was": null, "price_was_saving": null, "price": "$3.80", "unit": "each"}, "2022-02-20": {"title": "Anchor Cheese Slices Processed Cheddar", "size": "250g", "approx_single_unit_price": null, "type_size_cup": "Volume size 250g. Cup price $15.20 / 1kg.", "sale": null, "saving": null, "price_was": null, "price_was_saving": null, "price": "$3.80", "unit": "each"}, "2022-02-21": {"title": "Anchor Cheese Slices Processed Cheddar", "size": "250g", "approx_single_unit_price": null, "type_size_cup": "Volume size 250g. Cup price $12.80 / 1kg.", "sale": "Special.", "saving": "Save $0.60.", "price_was": "Was $3.80", "price_was_saving": "Save $0.60", "price": "$3.20", "unit": "each"}, "2022-02-22": {"title": "Anchor Cheese Slices Processed Cheddar", "size": "250g", "approx_single_unit_price": null, "type_size_cup": "Volume size 250g. Cup price $12.80 / 1kg.", "sale": "Special.", "saving": "Save $0.60.", "price_was": "Was $3.80", "price_was_saving": "Save $0.60", "price": "$3.20", "unit": "each"}, "2022-02-23": {"title": "Anchor Cheese Slices Processed Cheddar", "size": "250g", "approx_single_unit_price": null, "type_size_cup": "Volume size 250g. Cup price $12.80 / 1kg.", "sale": "Special.", "saving": "Save $0.60.", "price_was": "Was $3.80", "price_was_saving": "Save $0.60", "price": "$3.20", "unit": "each"}, "2022-02-24": {"title": "Anchor Cheese Slices Processed Cheddar", "size": "250g", "approx_single_unit_price": null, "type_size_cup": "Volume size 250g. Cup price $12.80 / 1kg.", "sale": "Special.", "saving": "Save $0.60.", "price_was": "Was $3.80", "price_was_saving": "Save $0.60", "price": "$3.20", "unit": "each"}, "2022-02-25": {"title": "Anchor Cheese Slices Processed Cheddar", "size": "250g", "approx_single_unit_price": null, "type_size_cup": "Volume size 250g. Cup price $12.80 / 1kg.", "sale": "Special.", "saving": "Save $0.60.", "price_was": "Was $3.80", "price_was_saving": "Save $0.60", "price": "$3.20", "unit": "each"}, "2022-02-26": {"title": "Anchor Cheese Slices Processed Cheddar", "size": "250g", "approx_single_unit_price": null, "type_size_cup": "Volume size 250g. Cup price $12.80 / 1kg.", "sale": "Special.", "saving": "Save $0.60.", "price_was": "Was $3.80", "price_was_saving": "Save $0.60", "price": "$3.20", "unit": "each"}, "2022-02-27": {"title": "Anchor Cheese Slices Processed Cheddar", "size": "250g", "approx_single_unit_price": null, "type_size_cup": "Volume size 250g. Cup price $12.80 / 1kg.", "sale": "Special.", "saving": "Save $0.60.", "price_was": "Was $3.80", "price_was_saving": "Save $0.60", "price": "$3.20", "unit": "each"}, "2022-02-28": {"title": "Anchor Cheese Slices Processed Cheddar", "size": "250g", "approx_single_unit_price": null, "type_size_cup": "Volume size 250g. Cup price $15.20 / 1kg.", "sale": null, "saving": null, "price_was": null, "price_was_saving": null, "price": "$3.80", "unit": "each"}, "2022-03-01": {"title": "Anchor Cheese Slices Processed Cheddar", "size": "250g", "approx_single_unit_price": null, "type_size_cup": "Volume size 250g. Cup price $15.20 / 1kg.", "sale": null, "saving": null, "price_was": null, "price_was_saving": null, "price": "$3.80", "unit": "each"}, "2022-03-02": {"title": "Anchor Cheese Slices Processed Cheddar", "size": "250g", "approx_single_unit_price": null, "type_size_cup": "Volume size 250g. Cup price $15.20 / 1kg.", "sale": null, "saving": null, "price_was": null, "price_was_saving": null, "price": "$3.80", "unit": "each"}, "2022-03-03": {"title": "Anchor Cheese Slices Processed Cheddar", "size": "250g", "approx_single_unit_price": null, "type_size_cup": "Volume size 250g. Cup price $15.20 / 1kg.", "sale": null, "saving": null, "price_was": null, "price_was_saving": null, "price": "$3.80", "unit": "each"}, "2022-03-04": {"title": "Anchor Cheese Slices Processed Cheddar", "size": "250g", "approx_single_unit_price": null, "type_size_cup": "Volume size 250g. Cup price $15.20 / 1kg.", "sale": null, "saving": null, "price_was": null, "price_was_saving": null, "price": "$3.80", "unit": "each"}, "2022-03-05": {"title": "Anchor Cheese Slices Processed Cheddar", "size": "250g", "approx_single_unit_price": null, "type_size_cup": "Volume size 250g. Cup price $15.20 / 1kg.", "sale": null, "saving": null, "price_was": null, "price_was_saving": null, "price": "$3.80", "unit": "each"}, "2022-03-06": {"title": "Anchor Cheese Slices Processed Cheddar", "size": "250g", "approx_single_unit_price": null, "type_size_cup": "Volume size 250g. Cup price $15.20 / 1kg.", "sale": null, "saving": null, "price_was": null, "price_was_saving": null, "price": "$3.80", "unit": "each"}, "2022-03-07": {"title": "Anchor Cheese Slices Processed Cheddar", "size": "250g", "approx_single_unit_price": null, "type_size_cup": "Volume size 250g. Cup price $12.80 / 1kg.", "sale": "Special.", "saving": "Save $0.60.", "price_was": "Was $3.80", "price_was_saving": "Save $0.60", "price": "$3.20", "unit": "each"}, "2022-03-08": {"title": "Anchor Cheese Slices Processed Cheddar", "size": "250g", "approx_single_unit_price": null, "type_size_cup": "Volume size 250g. Cup price $12.80 / 1kg.", "sale": "Special.", "saving": "Save $0.60.", "price_was": "Was $3.80", "price_was_saving": "Save $0.60", "price": "$3.20", "unit": "each"}, "2022-03-09": {"title": "Anchor Cheese Slices Processed Cheddar", "size": "250g", "approx_single_unit_price": null, "type_size_cup": "Volume size 250g. Cup price $12.80 / 1kg.", "sale": "Special.", "saving": "Save $0.60.", "price_was": "Was $3.80", "price_was_saving": "Save $0.60", "price": "$3.20", "unit": "each"}, "2022-03-10": {"title": "Anchor Cheese Slices Processed Cheddar", "size": "250g", "approx_single_unit_price": null, "type_size_cup": "Volume size 250g. Cup price $12.80 / 1kg.", "sale": "Special.", "saving": "Save $0.60.", "price_was": "Was $3.80", "price_was_saving": "Save $0.60", "price": "$3.20", "unit": "each"}, "2022-03-11": {"title": "Anchor Cheese Slices Processed Cheddar", "size": "250g", "approx_single_unit_price": null, "type_size_cup": "Volume size 250g. Cup price $12.80 / 1kg.", "sale": "Special.", "saving": "Save $0.60.", "price_was": "Was $3.80", "price_was_saving": "Save $0.60", "price": "$3.20", "unit": "each"}, "2022-03-12": {"title": "Anchor Cheese Slices Processed Cheddar", "size": "250g", "approx_single_unit_price": null, "type_size_cup": "Volume size 250g. Cup price $12.80 / 1kg.", "sale": "Special.", "saving": "Save $0.60.", "price_was": "Was $3.80", "price_was_saving": "Save $0.60", "price": "$3.20", "unit": "each"}, "2022-03-13": {"title": "Anchor Cheese Slices Processed Cheddar", "size": "250g", "approx_single_unit_price": null, "type_size_cup": "Volume size 250g. Cup price $12.80 / 1kg.", "sale": "Special.", "saving": "Save $0.60.", "price_was": "Was $3.80", "price_was_saving": "Save $0.60", "price": "$3.20", "unit": "each"}, "2022-03-14": {"title": "Anchor Cheese Slices Processed Cheddar", "size": "250g", "approx_single_unit_price": null, "type_size_cup": "Volume size 250g. Cup price $15.20 / 1kg.", "sale": null, "saving": null, "price_was": null, "price_was_saving": null, "price": "$3.80", "unit": "each"}, "2022-03-15": {"title": "Anchor Cheese Slices Processed Cheddar", "size": "250g", "approx_single_unit_price": null, "type_size_cup": "Volume size 250g. Cup price $15.20 / 1kg.", "sale": null, "saving": null, "price_was": null, "price_was_saving": null, "price": "$3.80", "unit": "each"}, "2022-03-16": {"title": "Anchor Cheese Slices Processed Cheddar", "size": "250g", "approx_single_unit_price": null, "type_size_cup": "Volume size 250g. Cup price $15.20 / 1kg.", "sale": null, "saving": null, "price_was": null, "price_was_saving": null, "price": "$3.80", "unit": "each"}, "2022-03-17": {"title": "Anchor Cheese Slices Processed Cheddar", "size": "250g", "approx_single_unit_price": null, "type_size_cup": "Volume size 250g. Cup price $15.20 / 1kg.", "sale": null, "saving": null, "price_was": null, "price_was_saving": null, "price": "$3.80", "unit": "each"}, "2022-03-18": {"title": "Anchor Cheese Slices Processed Cheddar", "size": "250g", "approx_single_unit_price": null, "type_size_cup": "Volume size 250g. Cup price $15.20 / 1kg.", "sale": null, "saving": null, "price_was": null, "price_was_saving": null, "price": "$3.80", "unit": "each"}, "2022-03-19": {"title": "Anchor Cheese Slices Processed Cheddar", "size": "250g", "approx_single_unit_price": null, "type_size_cup": "Volume size 250g. Cup price $15.20 / 1kg.", "sale": null, "saving": null, "price_was": null, "price_was_saving": null, "price": "$3.80", "unit": "each"}, "2022-03-20": {"title": "Anchor Cheese Slices Processed Cheddar", "size": "250g", "approx_single_unit_price": null, "type_size_cup": "Volume size 250g. Cup price $15.20 / 1kg.", "sale": null, "saving": null, "price_was": null, "price_was_saving": null, "price": "$3.80", "unit": "each"}, "2022-03-21": {"title": "Anchor Cheese Slices Processed Cheddar", "size": "250g", "approx_single_unit_price": null, "type_size_cup": "Volume size 250g. Cup price $12.80 / 1kg.", "sale": "Special.", "saving": "Save $0.60.", "price_was": "Was $3.80", "price_was_saving": "Save $0.60", "price": "$3.20", "unit": "each"}, "2022-03-22": {"title": "Anchor Cheese Slices Processed Cheddar", "size": "250g", "approx_single_unit_price": null, "type_size_cup": "Volume size 250g. Cup price $12.80 / 1kg.", "sale": "Special.", "saving": "Save $0.60.", "price_was": "Was $3.80", "price_was_saving": "Save $0.60", "price": "$3.20", "unit": "each"}, "2022-03-23": {"title": "Anchor Cheese Slices Processed Cheddar", "size": "250g", "approx_single_unit_price": null, "type_size_cup": "Volume size 250g. Cup price $12.80 / 1kg.", "sale": "Special.", "saving": "Save $0.60.", "price_was": "Was $3.80", "price_was_saving": "Save $0.60", "price": "$3.20", "unit": "each"}, "2022-03-24": {"title": "Anchor Cheese Slices Processed Cheddar", "size": "250g", "approx_single_unit_price": null, "type_size_cup": "Volume size 250g. Cup price $12.80 / 1kg.", "sale": "Special.", "saving": "Save $0.60.", "price_was": "Was $3.80", "price_was_saving": "Save $0.60", "price": "$3.20", "unit": "each"}, "2022-03-30": {"title": "Anchor Cheese Slices Processed Cheddar", "size": "250g", "approx_single_unit_price": null, "type_size_cup": "Volume size 250g. Cup price $15.20 / 1kg.", "sale": null, "saving": null, "price_was": null, "price_was_saving": null, "price": "$3.80", "unit": "each"}, "2022-03-31": {"title": "Anchor Cheese Slices Processed Cheddar", "size": "250g", "approx_single_unit_price": null, "type_size_cup": "Volume size 250g. Cup price $15.20 / 1kg.", "sale": null, "saving": null, "price_was": null, "price_was_saving": null, "price": "$3.80", "unit": "each"}, "2022-04-01": {"title": "Anchor Cheese Slices Processed Cheddar", "size": "250g", "approx_single_unit_price": null, "type_size_cup": "Volume size 250g. Cup price $15.20 / 1kg.", "sale": null, "saving": null, "price_was": null, "price_was_saving": null, "price": "$3.80", "unit": "each"}, "2022-04-02": {"title": "Anchor Cheese Slices Processed Cheddar", "size": "250g", "approx_single_unit_price": null, "type_size_cup": "Volume size 250g. Cup price $15.20 / 1kg.", "sale": null, "saving": null, "price_was": null, "price_was_saving": null, "price": "$3.80", "unit": "each"}, "2022-04-03": {"title": "Anchor Cheese Slices Processed Cheddar", "size": "250g", "approx_single_unit_price": null, "type_size_cup": "Volume size 250g. Cup price $15.20 / 1kg.", "sale": null, "saving": null, "price_was": null, "price_was_saving": null, "price": "$3.80", "unit": "each"}, "2022-04-04": {"title": "Anchor Cheese Slices Processed Cheddar", "size": "250g", "approx_single_unit_price": null, "type_size_cup": "Volume size 250g. Cup price $12.80 / 1kg.", "sale": "Special.", "saving": "Save $0.60.", "price_was": "Was $3.80", "price_was_saving": "Save $0.60", "price": "$3.20", "unit": "each"}, "2022-04-05": {"title": "Anchor Cheese Slices Processed Cheddar", "size": "250g", "approx_single_unit_price": null, "type_size_cup": "Volume size 250g. Cup price $12.80 / 1kg.", "sale": "Special.", "saving": "Save $0.60.", "price_was": "Was $3.80", "price_was_saving": "Save $0.60", "price": "$3.20", "unit": "each"}, "2022-04-06": {"title": "Anchor Cheese Slices Processed Cheddar", "size": "250g", "approx_single_unit_price": null, "type_size_cup": "Volume size 250g. Cup price $12.80 / 1kg.", "sale": "Special.", "saving": "Save $0.60.", "price_was": "Was $3.80", "price_was_saving": "Save $0.60", "price": "$3.20", "unit": "each"}, "2022-04-07": {"title": "Anchor Cheese Slices Processed Cheddar", "size": "250g", "approx_single_unit_price": null, "type_size_cup": "Volume size 250g. Cup price $12.80 / 1kg.", "sale": "Special.", "saving": "Save $0.60.", "price_was": "Was $3.80", "price_was_saving": "Save $0.60", "price": "$3.20", "unit": "each"}, "2022-04-08": {"title": "Anchor Cheese Slices Processed Cheddar", "size": "250g", "approx_single_unit_price": null, "type_size_cup": "Volume size 250g. Cup price $12.80 / 1kg.", "sale": "Special.", "saving": "Save $0.60.", "price_was": "Was $3.80", "price_was_saving": "Save $0.60", "price": "$3.20", "unit": "each"}, "2022-04-09": {"title": "Anchor Cheese Slices Processed Cheddar", "size": "250g", "approx_single_unit_price": null, "type_size_cup": "Volume size 250g. Cup price $12.80 / 1kg.", "sale": "Special.", "saving": "Save $0.60.", "price_was": "Was $3.80", "price_was_saving": "Save $0.60", "price": "$3.20", "unit": "each"}, "2022-04-10": {"title": "Anchor Cheese Slices Processed Cheddar", "size": "250g", "approx_single_unit_price": null, "type_size_cup": "Volume size 250g. Cup price $12.80 / 1kg.", "sale": "Special.", "saving": "Save $0.60.", "price_was": "Was $3.80", "price_was_saving": "Save $0.60", "price": "$3.20", "unit": "each"}, "2022-04-11": {"title": "Anchor Cheese Slices Processed Cheddar", "size": "250g", "approx_single_unit_price": null, "type_size_cup": "Volume size 250g. Cup price $15.20 / 1kg.", "sale": null, "saving": null, "price_was": null, "price_was_saving": null, "price": "$3.80", "unit": "each"}, "2022-04-12": {"title": "Anchor Cheese Slices Processed Cheddar", "size": "250g", "approx_single_unit_price": null, "type_size_cup": "Volume size 250g. Cup price $15.20 / 1kg.", "sale": null, "saving": null, "price_was": null, "price_was_saving": null, "price": "$3.80", "unit": "each"}, "2022-04-13": {"title": "Anchor Cheese Slices Processed Cheddar", "size": "250g", "approx_single_unit_price": null, "type_size_cup": "Volume size 250g. Cup price $15.20 / 1kg.", "sale": null, "saving": null, "price_was": null, "price_was_saving": null, "price": "$3.80", "unit": "each"}, "2022-04-14": {"title": "Anchor Cheese Slices Processed Cheddar", "size": "250g", "approx_single_unit_price": null, "type_size_cup": "Volume size 250g. Cup price $15.20 / 1kg.", "sale": null, "saving": null, "price_was": null, "price_was_saving": null, "price": "$3.80", "unit": "each"}, "2022-04-15": {"title": "Anchor Cheese Slices Processed Cheddar", "size": "250g", "approx_single_unit_price": null, "type_size_cup": "Volume size 250g. Cup price $15.20 / 1kg.", "sale": null, "saving": null, "price_was": null, "price_was_saving": null, "price": "$3.80", "unit": "each"}, "2022-04-16": {"title": "Anchor Cheese Slices Processed Cheddar", "size": "250g", "approx_single_unit_price": null, "type_size_cup": "Volume size 250g. Cup price $15.20 / 1kg.", "sale": null, "saving": null, "price_was": null, "price_was_saving": null, "price": "$3.80", "unit": "each"}, "2022-04-17": {"title": "Anchor Cheese Slices Processed Cheddar", "size": "250g", "approx_single_unit_price": null, "type_size_cup": "Volume size 250g. Cup price $15.20 / 1kg.", "sale": null, "saving": null, "price_was": null, "price_was_saving": null, "price": "$3.80", "unit": "each"}, "2022-04-18": {"title": "Anchor Cheese Slices Processed Cheddar", "size": "250g", "approx_single_unit_price": null, "type_size_cup": "Volume size 250g. Cup price $15.20 / 1kg.", "sale": null, "saving": null, "price_was": null, "price_was_saving": null, "price": "$3.80", "unit": "each"}, "2022-04-19": {"title": "Anchor Cheese Slices Processed Cheddar", "size": "250g", "approx_single_unit_price": null, "type_size_cup": "Volume size 250g. Cup price $15.20 / 1kg.", "sale": null, "saving": null, "price_was": null, "price_was_saving": null, "price": "$3.80", "unit": "each"}, "2022-04-20": {"title": "Anchor Cheese Slices Processed Cheddar", "size": "250g", "approx_single_unit_price": null, "type_size_cup": "Volume size 250g. Cup price $15.20 / 1kg.", "sale": null, "saving": null, "price_was": null, "price_was_saving": null, "price": "$3.80", "unit": "each"}, "2022-04-21": {"title": "Anchor Cheese Slices Processed Cheddar", "size": "250g", "approx_single_unit_price": null, "type_size_cup": "Volume size 250g. Cup price $15.20 / 1kg.", "sale": null, "saving": null, "price_was": null, "price_was_saving": null, "price": "$3.80", "unit": "each"}};
console.log(json_data);
let raw_data = [];
for (let [date, value] of Object.entries(json_data)) {
    raw_data.push({date:date, value:value});
}

let processed_data = {x:[], y:[], text:[], mode:'lines+markers', name:'Countdown', line:{width:2, color:'rgb(0,120,55)'}};
raw_data.sort(function(a,b) {return a.date > b.date}).forEach(function(data) {
    processed_data.x.push(data.date);
    if (data.value.sale == 'Special.') {
        if (data.value.saving.includes('for $')) {
            let saving =  data.value.saving.split('for $');
            processed_data.y.push(parseFloat(saving[1]) / parseFloat(saving[0]));
            processed_data.text.push(data.value.price + ' or ' + data.value.saving);
        } else {
            processed_data.y.push(data.value.price);
            processed_data.text.push(data.value.saving);
        }
    } else if (data.value.sale == 'Club Price.') { //will always have a non_club_price
        processed_data.y.push(data.value.price);
        processed_data.text.push(data.value.sale + ' ' + data.value.non_club_price);
    } else {
        console.log(data.value.sale, data.value.saving, data.value.price_was_saving)
        processed_data.y.push(data.value.price);
        processed_data.text.push(data.value.price_was_saving);
    }
});

let graph_div = document.getElementById("graph");
let data = [processed_data];
let layout = {showlegend:false, yaxis:{title:{text:"$", font:{size:16}}}};
let config = {displaylogo:false, displayModeBar:true, responsive:true, showEditInChartStudio:true, plotlyServerURL:"https://chart-studio.plotly.com", modeBarButtonsToRemove:['select2d','lasso2d','zoomIn2d','zoomOut2d','autoScale2d']}; //'zoom2d','pan2d',
Plotly.newPlot(graph_div, data, layout, config);

let data_div = document.getElementById("data");
for (let [date, values] of Object.entries(json_data)) {
    data_div.innerHTML += '<b>' + date + '</b><br>';
    for (let [key, value] of Object.entries(values)) {
        data_div.innerHTML += '&nbsp;&nbsp;&nbsp;&nbsp;' + key + ':&nbsp;' + JSON.stringify(value) + '<br>';
    }
    data_div.innerHTML += '<br>';
}
</script>
</html>
