
<!DOCTYPE html>
<html lang=en>
<body>
<div id=product_description><h3>Countdown<br><br>Anchor Cream Cheese Lite Spreadable 50% Less Fat 250g<br><br></h3></div>
<div id=graph></div>
<br>
<div id=data></div>
</body>
<script src="https://cdn.plot.ly/plotly-2.24.1.min.js" charset="utf-8"></script>
<script>
let json_data = {"2022-01-28": {"title": "Anchor Cream Cheese Lite Spreadable 50% Less Fat", "size": "250g", "approx_single_unit_price": null, "type_size_cup": "Volume size 250g. Cup price $18.40 / 1kg.", "sale": null, "saving": null, "price_was": null, "price_was_saving": null, "price": "$4.60", "unit": "each"}, "2022-01-29": {"title": "Anchor Cream Cheese Lite Spreadable 50% Less Fat", "size": "250g", "approx_single_unit_price": null, "type_size_cup": "Volume size 250g. Cup price $18.40 / 1kg.", "sale": null, "saving": null, "price_was": null, "price_was_saving": null, "price": "$4.60", "unit": "each"}, "2022-01-30": {"title": "Anchor Cream Cheese Lite Spreadable 50% Less Fat", "size": "250g", "approx_single_unit_price": null, "type_size_cup": "Volume size 250g. Cup price $18.40 / 1kg.", "sale": null, "saving": null, "price_was": null, "price_was_saving": null, "price": "$4.60", "unit": "each"}, "2022-02-16": {"title": "Anchor Cream Cheese Lite Spreadable 50% Less Fat", "size": "250g", "approx_single_unit_price": null, "type_size_cup": "Volume size 250g. Cup price $17.20 / 1kg.", "sale": "Special.", "saving": "Save $0.30.", "price_was": "Was $4.60", "price_was_saving": "Save $0.30", "price": "$4.30", "unit": "each"}, "2022-02-17": {"title": "Anchor Cream Cheese Lite Spreadable 50% Less Fat", "size": "250g", "approx_single_unit_price": null, "type_size_cup": "Volume size 250g. Cup price $17.20 / 1kg.", "sale": "Special.", "saving": "Save $0.30.", "price_was": "Was $4.60", "price_was_saving": "Save $0.30", "price": "$4.30", "unit": "each"}, "2022-02-18": {"title": "Anchor Cream Cheese Lite Spreadable 50% Less Fat", "size": "250g", "approx_single_unit_price": null, "type_size_cup": "Volume size 250g. Cup price $17.20 / 1kg.", "sale": "Special.", "saving": "Save $0.30.", "price_was": "Was $4.60", "price_was_saving": "Save $0.30", "price": "$4.30", "unit": "each"}, "2022-02-19": {"title": "Anchor Cream Cheese Lite Spreadable 50% Less Fat", "size": "250g", "approx_single_unit_price": null, "type_size_cup": "Volume size 250g. Cup price $17.20 / 1kg.", "sale": "Special.", "saving": "Save $0.30.", "price_was": "Was $4.60", "price_was_saving": "Save $0.30", "price": "$4.30", "unit": "each"}, "2022-02-20": {"title": "Anchor Cream Cheese Lite Spreadable 50% Less Fat", "size": "250g", "approx_single_unit_price": null, "type_size_cup": "Volume size 250g. Cup price $17.20 / 1kg.", "sale": "Special.", "saving": "Save $0.30.", "price_was": "Was $4.60", "price_was_saving": "Save $0.30", "price": "$4.30", "unit": "each"}, "2022-02-21": {"title": "Anchor Cream Cheese Lite Spreadable 50% Less Fat", "size": "250g", "approx_single_unit_price": null, "type_size_cup": "Volume size 250g. Cup price $18.40 / 1kg.", "sale": null, "saving": null, "price_was": null, "price_was_saving": null, "price": "$4.60", "unit": "each"}, "2022-02-22": {"title": "Anchor Cream Cheese Lite Spreadable 50% Less Fat", "size": "250g", "approx_single_unit_price": null, "type_size_cup": "Volume size 250g. Cup price $18.40 / 1kg.", "sale": null, "saving": null, "price_was": null, "price_was_saving": null, "price": "$4.60", "unit": "each"}, "2022-02-23": {"title": "Anchor Cream Cheese Lite Spreadable 50% Less Fat", "size": "250g", "approx_single_unit_price": null, "type_size_cup": "Volume size 250g. Cup price $18.40 / 1kg.", "sale": null, "saving": null, "price_was": null, "price_was_saving": null, "price": "$4.60", "unit": "each"}, "2022-02-24": {"title": "Anchor Cream Cheese Lite Spreadable 50% Less Fat", "size": "250g", "approx_single_unit_price": null, "type_size_cup": "Volume size 250g. Cup price $18.40 / 1kg.", "sale": null, "saving": null, "price_was": null, "price_was_saving": null, "price": "$4.60", "unit": "each"}, "2022-02-25": {"title": "Anchor Cream Cheese Lite Spreadable 50% Less Fat", "size": "250g", "approx_single_unit_price": null, "type_size_cup": "Volume size 250g. Cup price $18.40 / 1kg.", "sale": null, "saving": null, "price_was": null, "price_was_saving": null, "price": "$4.60", "unit": "each"}, "2022-02-26": {"title": "Anchor Cream Cheese Lite Spreadable 50% Less Fat", "size": "250g", "approx_single_unit_price": null, "type_size_cup": "Volume size 250g. Cup price $18.40 / 1kg.", "sale": null, "saving": null, "price_was": null, "price_was_saving": null, "price": "$4.60", "unit": "each"}, "2022-02-28": {"title": "Anchor Cream Cheese Lite Spreadable 50% Less Fat", "size": "250g", "approx_single_unit_price": null, "type_size_cup": "Volume size 250g. Cup price $17.20 / 1kg.", "sale": "Special.", "saving": "Save $0.30.", "price_was": "Was $4.60", "price_was_saving": "Save $0.30", "price": "$4.30", "unit": "each"}, "2022-03-01": {"title": "Anchor Cream Cheese Lite Spreadable 50% Less Fat", "size": "250g", "approx_single_unit_price": null, "type_size_cup": "Volume size 250g. Cup price $17.20 / 1kg.", "sale": "Special.", "saving": "Save $0.30.", "price_was": "Was $4.60", "price_was_saving": "Save $0.30", "price": "$4.30", "unit": "each"}, "2022-03-02": {"title": "Anchor Cream Cheese Lite Spreadable 50% Less Fat", "size": "250g", "approx_single_unit_price": null, "type_size_cup": "Volume size 250g. Cup price $17.20 / 1kg.", "sale": "Special.", "saving": "Save $0.30.", "price_was": "Was $4.60", "price_was_saving": "Save $0.30", "price": "$4.30", "unit": "each"}, "2022-03-03": {"title": "Anchor Cream Cheese Lite Spreadable 50% Less Fat", "size": "250g", "approx_single_unit_price": null, "type_size_cup": "Volume size 250g. Cup price $17.20 / 1kg.", "sale": "Special.", "saving": "Save $0.30.", "price_was": "Was $4.60", "price_was_saving": "Save $0.30", "price": "$4.30", "unit": "each"}, "2022-03-04": {"title": "Anchor Cream Cheese Lite Spreadable 50% Less Fat", "size": "250g", "approx_single_unit_price": null, "type_size_cup": "Volume size 250g. Cup price $17.20 / 1kg.", "sale": "Special.", "saving": "Save $0.30.", "price_was": "Was $4.60", "price_was_saving": "Save $0.30", "price": "$4.30", "unit": "each"}, "2022-03-05": {"title": "Anchor Cream Cheese Lite Spreadable 50% Less Fat", "size": "250g", "approx_single_unit_price": null, "type_size_cup": "Volume size 250g. Cup price $17.20 / 1kg.", "sale": "Special.", "saving": "Save $0.30.", "price_was": "Was $4.60", "price_was_saving": "Save $0.30", "price": "$4.30", "unit": "each"}, "2022-03-12": {"title": "Anchor Cream Cheese Lite Spreadable 50% Less Fat", "size": "250g", "approx_single_unit_price": null, "type_size_cup": "Volume size 250g. Cup price $18.40 / 1kg.", "sale": null, "saving": null, "price_was": null, "price_was_saving": null, "price": "$4.60", "unit": "each"}, "2022-03-13": {"title": "Anchor Cream Cheese Lite Spreadable 50% Less Fat", "size": "250g", "approx_single_unit_price": null, "type_size_cup": "Volume size 250g. Cup price $18.40 / 1kg.", "sale": null, "saving": null, "price_was": null, "price_was_saving": null, "price": "$4.60", "unit": "each"}, "2022-03-14": {"title": "Anchor Cream Cheese Lite Spreadable 50% Less Fat", "size": "250g", "approx_single_unit_price": null, "type_size_cup": "Volume size 250g. Cup price $17.20 / 1kg.", "sale": "Special.", "saving": "Save $0.30.", "price_was": "Was $4.60", "price_was_saving": "Save $0.30", "price": "$4.30", "unit": "each"}, "2022-03-15": {"title": "Anchor Cream Cheese Lite Spreadable 50% Less Fat", "size": "250g", "approx_single_unit_price": null, "type_size_cup": "Volume size 250g. Cup price $17.20 / 1kg.", "sale": "Special.", "saving": "Save $0.30.", "price_was": "Was $4.60", "price_was_saving": "Save $0.30", "price": "$4.30", "unit": "each"}, "2022-03-16": {"title": "Anchor Cream Cheese Lite Spreadable 50% Less Fat", "size": "250g", "approx_single_unit_price": null, "type_size_cup": "Volume size 250g. Cup price $17.20 / 1kg.", "sale": "Special.", "saving": "Save $0.30.", "price_was": "Was $4.60", "price_was_saving": "Save $0.30", "price": "$4.30", "unit": "each"}, "2022-03-17": {"title": "Anchor Cream Cheese Lite Spreadable 50% Less Fat", "size": "250g", "approx_single_unit_price": null, "type_size_cup": "Volume size 250g. Cup price $17.20 / 1kg.", "sale": "Special.", "saving": "Save $0.30.", "price_was": "Was $4.60", "price_was_saving": "Save $0.30", "price": "$4.30", "unit": "each"}, "2022-03-18": {"title": "Anchor Cream Cheese Lite Spreadable 50% Less Fat", "size": "250g", "approx_single_unit_price": null, "type_size_cup": "Volume size 250g. Cup price $17.20 / 1kg.", "sale": "Special.", "saving": "Save $0.30.", "price_was": "Was $4.60", "price_was_saving": "Save $0.30", "price": "$4.30", "unit": "each"}, "2022-03-19": {"title": "Anchor Cream Cheese Lite Spreadable 50% Less Fat", "size": "250g", "approx_single_unit_price": null, "type_size_cup": "Volume size 250g. Cup price $17.20 / 1kg.", "sale": "Special.", "saving": "Save $0.30.", "price_was": "Was $4.60", "price_was_saving": "Save $0.30", "price": "$4.30", "unit": "each"}, "2022-03-20": {"title": "Anchor Cream Cheese Lite Spreadable 50% Less Fat", "size": "250g", "approx_single_unit_price": null, "type_size_cup": "Volume size 250g. Cup price $17.20 / 1kg.", "sale": "Special.", "saving": "Save $0.30.", "price_was": "Was $4.60", "price_was_saving": "Save $0.30", "price": "$4.30", "unit": "each"}, "2022-03-21": {"title": "Anchor Cream Cheese Lite Spreadable 50% Less Fat", "size": "250g", "approx_single_unit_price": null, "type_size_cup": "Volume size 250g. Cup price $18.40 / 1kg.", "sale": null, "saving": null, "price_was": null, "price_was_saving": null, "price": "$4.60", "unit": "each"}, "2022-03-22": {"title": "Anchor Cream Cheese Lite Spreadable 50% Less Fat", "size": "250g", "approx_single_unit_price": null, "type_size_cup": "Volume size 250g. Cup price $18.40 / 1kg.", "sale": null, "saving": null, "price_was": null, "price_was_saving": null, "price": "$4.60", "unit": "each"}, "2022-03-23": {"title": "Anchor Cream Cheese Lite Spreadable 50% Less Fat", "size": "250g", "approx_single_unit_price": null, "type_size_cup": "Volume size 250g. Cup price $18.40 / 1kg.", "sale": null, "saving": null, "price_was": null, "price_was_saving": null, "price": "$4.60", "unit": "each"}, "2022-03-24": {"title": "Anchor Cream Cheese Lite Spreadable 50% Less Fat", "size": "250g", "approx_single_unit_price": null, "type_size_cup": "Volume size 250g. Cup price $18.40 / 1kg.", "sale": null, "saving": null, "price_was": null, "price_was_saving": null, "price": "$4.60", "unit": "each"}, "2022-04-19": {"title": "Anchor Cream Cheese Lite Spreadable 50% Less Fat", "size": "250g", "approx_single_unit_price": null, "type_size_cup": "Volume size 250g. Cup price $17.20 / 1kg.", "sale": "Special.", "saving": "Save $0.30.", "price_was": "Was $4.60", "price_was_saving": "Save $0.30", "price": "$4.30", "unit": "each"}, "2022-04-20": {"title": "Anchor Cream Cheese Lite Spreadable 50% Less Fat", "size": "250g", "approx_single_unit_price": null, "type_size_cup": "Volume size 250g. Cup price $17.20 / 1kg.", "sale": "Special.", "saving": "Save $0.30.", "price_was": "Was $4.60", "price_was_saving": "Save $0.30", "price": "$4.30", "unit": "each"}, "2022-04-21": {"title": "Anchor Cream Cheese Lite Spreadable 50% Less Fat", "size": "250g", "approx_single_unit_price": null, "type_size_cup": "Volume size 250g. Cup price $17.20 / 1kg.", "sale": "Special.", "saving": "Save $0.30.", "price_was": "Was $4.60", "price_was_saving": "Save $0.30", "price": "$4.30", "unit": "each"}, "2022-04-22": {"title": "Anchor Cream Cheese Lite Spreadable 50% Less Fat", "size": "250g", "approx_single_unit_price": null, "type_size_cup": "Volume size 250g. Cup price $17.20 / 1kg.", "sale": "Special.", "saving": "Save $0.30.", "price_was": "Was $4.60", "price_was_saving": "Save $0.30", "price": "$4.30", "unit": "each"}};
console.log(json_data);
let raw_data = [];
for (let [date, value] of Object.entries(json_data)) {
    raw_data.push({date:date, value:value});
}

let processed_data = {x:[], y:[], text:[], mode:'lines+markers', name:'Countdown', line:{width:2, color:'rgb(0,120,55)'}};
raw_data.sort(function(a,b) {return a.date > b.date}).forEach(function(data) {
    processed_data.x.push(data.date);
    if (data.value.sale == 'Special.') {
        if (data.value.saving.includes('for $')) {
            let saving =  data.value.saving.split('for $');
            processed_data.y.push(parseFloat(saving[1]) / parseFloat(saving[0]));
            processed_data.text.push(data.value.price + ' or ' + data.value.saving);
        } else {
            processed_data.y.push(data.value.price);
            processed_data.text.push(data.value.saving);
        }
    } else if (data.value.sale == 'Club Price.') { //will always have a non_club_price
        processed_data.y.push(data.value.price);
        processed_data.text.push(data.value.sale + ' ' + data.value.non_club_price);
    } else {
        console.log(data.value.sale, data.value.saving, data.value.price_was_saving)
        processed_data.y.push(data.value.price);
        processed_data.text.push(data.value.price_was_saving);
    }
});

let graph_div = document.getElementById("graph");
let data = [processed_data];
let layout = {showlegend:false, yaxis:{title:{text:"$", font:{size:16}}}};
let config = {displaylogo:false, displayModeBar:true, responsive:true, showEditInChartStudio:true, plotlyServerURL:"https://chart-studio.plotly.com", modeBarButtonsToRemove:['select2d','lasso2d','zoomIn2d','zoomOut2d','autoScale2d']}; //'zoom2d','pan2d',
Plotly.newPlot(graph_div, data, layout, config);

let data_div = document.getElementById("data");
for (let [date, values] of Object.entries(json_data)) {
    data_div.innerHTML += '<b>' + date + '</b><br>';
    for (let [key, value] of Object.entries(values)) {
        data_div.innerHTML += '&nbsp;&nbsp;&nbsp;&nbsp;' + key + ':&nbsp;' + JSON.stringify(value) + '<br>';
    }
    data_div.innerHTML += '<br>';
}
</script>
</html>
