
<!DOCTYPE html>
<html lang=en>
<body>
<div id=product_description><h3>Countdown<br><br>Anchor Protein Plus Yoghurt Tub Greek Mixed Berry 450g<br><br></h3></div>
<div id=graph></div>
<br>
<div id=data></div>
</body>
<script src="https://cdn.plot.ly/plotly-2.24.1.min.js" charset="utf-8"></script>
<script>
let json_data = {"2022-01-02": {"title": "Anchor Protein Plus Yoghurt Tub Greek Mixed Berry", "size": "450g", "approx_single_unit_price": null, "type_size_cup": "Volume size 450g. Cup price $1.11 / 100g.", "sale": "Special.", "saving": "Save $1.00.", "price_was": "Was $6.00", "price_was_saving": "Save $1.00", "price": "$5.00", "unit": "each"}, "2022-01-03": {"title": "Anchor Protein Plus Yoghurt Tub Greek Mixed Berry", "size": "450g", "approx_single_unit_price": null, "type_size_cup": "Volume size 450g. Cup price $1.33 / 100g.", "sale": null, "saving": null, "price_was": null, "price_was_saving": null, "price": "$6.00", "unit": "each"}, "2022-01-04": {"title": "Anchor Protein Plus Yoghurt Tub Greek Mixed Berry", "size": "450g", "approx_single_unit_price": null, "type_size_cup": "Volume size 450g. Cup price $1.33 / 100g.", "sale": null, "saving": null, "price_was": null, "price_was_saving": null, "price": "$6.00", "unit": "each"}, "2022-01-05": {"title": "Anchor Protein Plus Yoghurt Tub Greek Mixed Berry", "size": "450g", "approx_single_unit_price": null, "type_size_cup": "Volume size 450g. Cup price $1.33 / 100g.", "sale": null, "saving": null, "price_was": null, "price_was_saving": null, "price": "$6.00", "unit": "each"}, "2022-01-23": {"title": "Anchor Protein Plus Yoghurt Tub Greek Mixed Berry", "size": "450g", "approx_single_unit_price": null, "type_size_cup": "Volume size 450g. Cup price $1.11 / 100g.", "sale": "Special.", "saving": "Save $1.00.", "price_was": "Was $6.00", "price_was_saving": "Save $1.00", "price": "$5.00", "unit": "each"}, "2022-01-24": {"title": "Anchor Protein Plus Yoghurt Tub Greek Mixed Berry", "size": "450g", "approx_single_unit_price": null, "type_size_cup": "Volume size 450g. Cup price $1.33 / 100g.", "sale": null, "saving": null, "price_was": null, "price_was_saving": null, "price": "$6.00", "unit": "each"}, "2022-01-25": {"title": "Anchor Protein Plus Yoghurt Tub Greek Mixed Berry", "size": "450g", "approx_single_unit_price": null, "type_size_cup": "Volume size 450g. Cup price $1.33 / 100g.", "sale": null, "saving": null, "price_was": null, "price_was_saving": null, "price": "$6.00", "unit": "each"}, "2022-01-26": {"title": "Anchor Protein Plus Yoghurt Tub Greek Mixed Berry", "size": "450g", "approx_single_unit_price": null, "type_size_cup": "Volume size 450g. Cup price $1.33 / 100g.", "sale": null, "saving": null, "price_was": null, "price_was_saving": null, "price": "$6.00", "unit": "each"}, "2022-01-27": {"title": "Anchor Protein Plus Yoghurt Tub Greek Mixed Berry", "size": "450g", "approx_single_unit_price": null, "type_size_cup": "Volume size 450g. Cup price $1.33 / 100g.", "sale": null, "saving": null, "price_was": null, "price_was_saving": null, "price": "$6.00", "unit": "each"}, "2022-02-06": {"title": "Anchor Protein Plus Yoghurt Tub Greek Mixed Berry", "size": "450g", "approx_single_unit_price": null, "type_size_cup": "Volume size 450g. Cup price $1.11 / 100g.", "sale": "Special.", "saving": "Save $1.00.", "price_was": "Was $6.00", "price_was_saving": "Save $1.00", "price": "$5.00", "unit": "each"}, "2022-02-07": {"title": "Anchor Protein Plus Yoghurt Tub Greek Mixed Berry", "size": "450g", "approx_single_unit_price": null, "type_size_cup": "Volume size 450g. Cup price $1.33 / 100g.", "sale": null, "saving": null, "price_was": null, "price_was_saving": null, "price": "$6.00", "unit": "each"}, "2022-02-08": {"title": "Anchor Protein Plus Yoghurt Tub Greek Mixed Berry", "size": "450g", "approx_single_unit_price": null, "type_size_cup": "Volume size 450g. Cup price $1.33 / 100g.", "sale": null, "saving": null, "price_was": null, "price_was_saving": null, "price": "$6.00", "unit": "each"}, "2022-02-09": {"title": "Anchor Protein Plus Yoghurt Tub Greek Mixed Berry", "size": "450g", "approx_single_unit_price": null, "type_size_cup": "Volume size 450g. Cup price $1.33 / 100g.", "sale": null, "saving": null, "price_was": null, "price_was_saving": null, "price": "$6.00", "unit": "each"}, "2022-02-10": {"title": "Anchor Protein Plus Yoghurt Tub Greek Mixed Berry", "size": "450g", "approx_single_unit_price": null, "type_size_cup": "Volume size 450g. Cup price $1.33 / 100g.", "sale": null, "saving": null, "price_was": null, "price_was_saving": null, "price": "$6.00", "unit": "each"}, "2022-02-11": {"title": "Anchor Protein Plus Yoghurt Tub Greek Mixed Berry", "size": "450g", "approx_single_unit_price": null, "type_size_cup": "Volume size 450g. Cup price $1.33 / 100g.", "sale": null, "saving": null, "price_was": null, "price_was_saving": null, "price": "$6.00", "unit": "each"}, "2022-02-12": {"title": "Anchor Protein Plus Yoghurt Tub Greek Mixed Berry", "size": "450g", "approx_single_unit_price": null, "type_size_cup": "Volume size 450g. Cup price $1.33 / 100g.", "sale": null, "saving": null, "price_was": null, "price_was_saving": null, "price": "$6.00", "unit": "each"}, "2022-02-21": {"title": "Anchor Protein Plus Yoghurt Tub Greek Mixed Berry", "size": "450g", "approx_single_unit_price": null, "type_size_cup": "Volume size 450g. Cup price $1.33 / 100g.", "sale": null, "saving": null, "price_was": null, "price_was_saving": null, "price": "$6.00", "unit": "each"}, "2022-02-24": {"title": "Anchor Protein Plus Yoghurt Tub Greek Mixed Berry", "size": "450g", "approx_single_unit_price": null, "type_size_cup": "Volume size 450g. Cup price $1.33 / 100g.", "sale": null, "saving": null, "price_was": null, "price_was_saving": null, "price": "$6.00", "unit": "each"}, "2022-02-27": {"title": "Anchor Protein Plus Yoghurt Tub Greek Mixed Berry", "size": "450g", "approx_single_unit_price": null, "type_size_cup": "Volume size 450g. Cup price $1.33 / 100g.", "sale": null, "saving": null, "price_was": null, "price_was_saving": null, "price": "$6.00", "unit": "each"}, "2022-03-01": {"title": "Anchor Protein Plus Yoghurt Tub Greek Mixed Berry", "size": "450g", "approx_single_unit_price": null, "type_size_cup": "Volume size 450g. Cup price $1.11 / 100g.", "sale": "Special.", "saving": "Save $1.00.", "price_was": "Was $6.00", "price_was_saving": "Save $1.00", "price": "$5.00", "unit": "each"}, "2022-03-02": {"title": "Anchor Protein Plus Yoghurt Tub Greek Mixed Berry", "size": "450g", "approx_single_unit_price": null, "type_size_cup": "Volume size 450g. Cup price $1.11 / 100g.", "sale": "Special.", "saving": "Save $1.00.", "price_was": "Was $6.00", "price_was_saving": "Save $1.00", "price": "$5.00", "unit": "each"}, "2022-03-16": {"title": "Anchor Protein Plus Yoghurt Tub Greek Mixed Berry", "size": "450g", "approx_single_unit_price": null, "type_size_cup": "Volume size 450g. Cup price $1.11 / 100g.", "sale": "Special.", "saving": "Save $1.00.", "price_was": "Was $6.00", "price_was_saving": "Save $1.00", "price": "$5.00", "unit": "each"}, "2022-03-17": {"title": "Anchor Protein Plus Yoghurt Tub Greek Mixed Berry", "size": "450g", "approx_single_unit_price": null, "type_size_cup": "Volume size 450g. Cup price $1.11 / 100g.", "sale": "Special.", "saving": "Save $1.00.", "price_was": "Was $6.00", "price_was_saving": "Save $1.00", "price": "$5.00", "unit": "each"}, "2022-03-18": {"title": "Anchor Protein Plus Yoghurt Tub Greek Mixed Berry", "size": "450g", "approx_single_unit_price": null, "type_size_cup": "Volume size 450g. Cup price $1.11 / 100g.", "sale": "Special.", "saving": "Save $1.00.", "price_was": "Was $6.00", "price_was_saving": "Save $1.00", "price": "$5.00", "unit": "each"}};
console.log(json_data);
let raw_data = [];
for (let [date, value] of Object.entries(json_data)) {
    raw_data.push({date:date, value:value});
}

let processed_data = {x:[], y:[], text:[], mode:'lines+markers', name:'Countdown', line:{width:2, color:'rgb(0,120,55)'}};
raw_data.sort(function(a,b) {return a.date > b.date}).forEach(function(data) {
    processed_data.x.push(data.date);
    if (data.value.sale == 'Special.') {
        if (data.value.saving.includes('for $')) {
            let saving =  data.value.saving.split('for $');
            processed_data.y.push(parseFloat(saving[1]) / parseFloat(saving[0]));
            processed_data.text.push(data.value.price + ' or ' + data.value.saving);
        } else {
            processed_data.y.push(data.value.price);
            processed_data.text.push(data.value.saving);
        }
    } else if (data.value.sale == 'Club Price.') { //will always have a non_club_price
        processed_data.y.push(data.value.price);
        processed_data.text.push(data.value.sale + ' ' + data.value.non_club_price);
    } else {
        console.log(data.value.sale, data.value.saving, data.value.price_was_saving)
        processed_data.y.push(data.value.price);
        processed_data.text.push(data.value.price_was_saving);
    }
});

let graph_div = document.getElementById("graph");
let data = [processed_data];
let layout = {showlegend:false, yaxis:{title:{text:"$", font:{size:16}}}};
let config = {displaylogo:false, displayModeBar:true, responsive:true, showEditInChartStudio:true, plotlyServerURL:"https://chart-studio.plotly.com", modeBarButtonsToRemove:['select2d','lasso2d','zoomIn2d','zoomOut2d','autoScale2d']}; //'zoom2d','pan2d',
Plotly.newPlot(graph_div, data, layout, config);

let data_div = document.getElementById("data");
for (let [date, values] of Object.entries(json_data)) {
    data_div.innerHTML += '<b>' + date + '</b><br>';
    for (let [key, value] of Object.entries(values)) {
        data_div.innerHTML += '&nbsp;&nbsp;&nbsp;&nbsp;' + key + ':&nbsp;' + JSON.stringify(value) + '<br>';
    }
    data_div.innerHTML += '<br>';
}
</script>
</html>
